2872 4846
32 254 65 267 “·
128 242 237 323 nn'
502 251 913 317 rnannnnro.

129 435 201 526 ipsa
212 432 271 500 illa
284 427 429 500 camena
448 427 532 497 duae
551 430 646 498 urbes
667 429 806 497 interae
827 427 990 496 certabant
1002 444 1101 516 penes
1115 431 1219 493 utram
1231 422 1274 491 sit

130 534 212 605 deae
234 534 381 624 signum,
408 553 507 623 quare
526 530 669 600 difficiles
690 552 755 600 non
779 533 896 599 erimus
915 531 947 596 in
968 527 1156 619 recipiendis
1177 528 1275 596 etiam

18 712 21 717 ,
131 634 374 729 Cappadocibus
394 636 483 725 ponti
494 634 616 703 Euxini
628 635 759 724 accolis,
785 637 837 724 qui
858 633 997 702 maximo
1018 632 1099 701 adeo
1119 633 1188 699 iure
1208 651 1275 721 gc-

131 741 262 810 nuinum
272 735 353 806 illud
364 737 492 828 signum
503 739 563 805 sibi
574 738 735 806 vindicare
747 740 890 829 potuisse
902 735 1063 804 videntur.
1079 772 1126 784 -
1141 734 1170 825 l,
1185 735 1222 823 3,
1239 733 1275 799 2.

132 839 234 913 relect
245 840 425 911 Pausanias
437 840 628 932 Euagoram
640 840 839 932 Cypriorum
851 860 964 931 regem
976 838 1132 928 effecisse,
1157 836 1276 905 utAr-

132 951 289 1016 taxerxes
311 939 441 1014 Oononi
457 941 654 1012 Phoenissas
677 942 821 1013 traderet
842 943 1007 1032 triremes,
1044 943 1151 1028 ἔπραξε
1177 942 1210 1005 δὲ
1236 937 1279 1016 ὡς

128 1048 292 1132 Ἀθηναῖος
305 1049 355 1112 καὶ
371 1046 405 1112 τὸ
421 1047 571 1113 ἀνέκαθεν
585 1049 616 1112 ἔκ
631 1054 824 1131 Σαλαμῖνος,·
854 1047 894 1115 oh
915 1046 1073 1135 duplicem
1090 1046 1189 1136 igitur
1202 1040 1280 1110 fecii

133 1150 304 1240 rationem,
324 1150 426 1239 primo
446 1155 597 1239 tanquam
615 1150 836 1240 Atheniensis,
867 1147 981 1217 deinde
1003 1150 1149 1239 quoniam
1170 1146 1279 1237 gentis
1403 1194 1414 1205 ,

135 1250 452 1344 maeprimordiasd
464 1250 633 1324 Salamina
646 1251 818 1322 referebat.
871 1251 962 1338 Quae
981 1250 1137 1341 quomodo
1157 1250 1281 1317 cohae-

134 1359 230 1425 reant
248 1350 336 1423 haud
355 1350 451 1424 laeile
472 1357 672 1447 perspicitur.
726 1355 797 1442 Quo
817 1356 899 1424 enim
918 1357 987 1422 inre
999 1354 1230 1423 Atheniensem
1244 1370 1281 1419 re

135 1457 310 1527 nominavit
323 1453 522 1550 evagoras?
572 1457 647 1528 Non
667 1459 731 1528 alio
756 1460 848 1527 titulo
874 1479 968 1548 quam
992 1478 1032 1526 co
1058 1458 1129 1547 ipso
1156 1454 1282 1544 quode

137 1556 304 1633 Sdamino
324 1559 392 1628 cius
415 1580 498 1651 gens
519 1566 591 1630 orat
612 1561 764 1650 oriunda3
792 1580 889 1650 quare
910 1562 1012 1631 eiecto
1032 1563 1210 1651 importuno
1232 1561 1286 1624 καί

138 1659 338 1733 scribendum
351 1668 404 1732 esi
417 1665 582 1748 Ἀθηναῖος
596 1665 631 1730 τὸ
649 1667 797 1731 ἀνέκαθεν
812 1668 844 1729 ἐκ
860 1669 1042 1746 Σαλαμῖνος.
1069 1699 1116 1712 -
1143 1661 1204 1754 Vl,
1221 1662 1283 1752 23,

140 1764 349 1856 alogiam:
374 1763 548 1855 Antiquum
559 1765 657 1834 Elide
678 1776 730 1837 est
751 1768 959 1857 gymnasium
979 1769 1011 1833 in
1033 1786 1094 1855 quo
1116 1771 1285 1854 antequam

138 1868 173 1936 in
185 1865 372 1956 Olympiam
393 1865 587 1938 descendant
608 1872 713 1937 omnia
731 1869 840 1938 iacere
860 1871 966 1939 solent
984 1869 1127 1937 athletae
1149 1889 1230 1957 quae
1243 1887 1285 1935 ex

139 1988 231 2038 more
245 1968 401 2038 maiorum
411 1973 556 2042 instituta
568 1976 655 2040 sunt.
696 1973 735 2041 ln
747 1972 810 2041 hoc
822 1979 915 2064 septo
931 1971 1078 2040 curriculi
1089 1977 1177 2061 sunt,
1190 1973 1288 2058 χωρὶς

139 2073 196 2159 μὲν
210 2073 249 2157 δὴ
264 2074 295 2149 ἔς
308 2069 440 2154 ἅμιλλαν
455 2082 516 2142 τῶν
532 2077 669 2163 δρομέων
682 2073 751 2168 (sic
762 2076 848 2143 enim
860 2096 880 2144 θ
894 2073 1017 2147 Siehel.
1032 2075 1214 2144 coniectura
1227 2092 1287 2163 pro

142 2171 267 2264 δρόμων
279 2173 456 2264 legendum
465 2172 614 2267 vidam]
635 2181 715 2247 ἐστὶν
731 2182 966 2267 ἀποκεκριμένος
985 2177 1099 2267 δρόμος
1115 2216 1153 2227 -
1173 2175 1289 2260 ὀνομά-

143 2280 225 2359 ζεται
238 2279 273 2344 δὲ
286 2274 345 2343 inb
362 2287 424 2347 ταῖν
436 2282 604 2368 ἔπιχωρίων
620 2280 700 2370 ῖερός
712 2323 751 2333 -
763 2286 861 2370 χωρὶς
876 2285 909 2348 δὲ
924 2281 1003 2347 ἔνθα
1020 2285 1068 2347 ἐπὶ
1084 2283 1194 2368 μελέτῃ
1214 2284 1290 2367 doo-

142 2390 210 2466 μεῖς
223 2382 275 2446 καὶ
290 2379 320 2444 οἳ
335 2382 502 2450 πένταθλοι
515 2385 651 2451 θέουσιν.
703 2383 866 2457 Callidum
878 2383 1035 2454 nieorum
1048 2386 1223 2475 inventum
1238 2384 1290 2473 qui

143 2481 225 2554 duos
237 2479 441 2554 instituerunt
452 2485 626 2555 curriculos
638 2489 671 2555 in
684 2509 817 2579 qnorum
833 2489 936 2558 altero
952 2508 1114 2578 cursores,
1140 2489 1172 2553 in
1185 2486 1290 2555 altero

143 2605 293 2655 cursores
312 2589 347 2654 ct
368 2589 625 2678 quinquertiones
646 2611 683 2658 se
707 2597 913 2683 exercerent,
950 2611 991 2658 ne
1019 2589 1291 2659 confunderentur

143 2687 266 2757 scilicet
278 2691 484 2757 certaminum
496 2689 638 2779 general
690 2691 737 2760 At
755 2693 883 2782 placeat
903 2693 986 2759 haec
1004 2691 1161 2761 calliditas
1181 2693 1290 2781 quibus

145 2786 211 2858 ieri
224 2790 370 2878 animus3
395 2810 454 2857 nos
474 2788 581 2858 deleto
604 2795 658 2857 καί
674 2794 841 2861 scribimus
863 2799 985 2882 δρομεῖς
1008 2798 1036 2860 oi
1052 2794 1236 2877 πένταθλος
1258 2797 1292 2861 ἰ11

145 2891 252 2962 altero
275 2890 432 2960 curriculo
455 2890 667 2962 decurrebant
685 2897 737 2983 qui
751 2894 854 2964 stadio
869 2896 1007 2987 palmam
1019 2899 1233 2988 quaerebant,
1259 2899 1292 2963 in

147 2993 252 3063 altero
278 2993 332 3083 qui
356 2995 587 3085 quinquertium
613 2999 806 3066 exercebant
813 3021 824 3087 3
856 3021 921 3067 non
946 2999 1060 3070 codem
1087 3002 1171 3068 enim
1196 3000 1291 3069 modo

146 3097 273 3186 uirique
288 3098 467 3167 currebant·
496 3134 545 3148 -
574 3098 622 3190 X,
644 3099 706 3192 29,
730 3100 764 3168 l.
789 3110 849 3169 τῶν
873 3105 905 3167 δὲ
919 3103 978 3188 ἤδη
992 3131 1046 3187 μοι
1061 3105 1293 3188 κατειλεγμένων

31 3241 35 3247 -
147 3201 223 3266 aloia
238 3199 384 3282 ἀνώτεροι
398 3200 514 3266 τούτων
532 3202 624 3289 ἱερεῖα
640 3207 691 3269 καὶ
711 3205 740 3269 oi
760 3202 874 3293 ἑταῖροι
895 3216 951 3273 τοῦ
963 3209 1136 3284 Ὀδυσσέως
1150 3206 1293 3294 Περιμή-

148 3305 205 3385 ιλης
218 3305 270 3366 καὶ
284 3301 461 3388 Εὐρύλοχος
474 3304 625 3392 φέροντες.
677 3305 769 3374 Haec
787 3328 852 3375 11011
871 3312 998 3397 scripsit
1011 3307 1208 3399 Pausanias,
1235 3308 1293 3378 sed

148 3404 248 3472 invito
267 3405 464 3473 intnlseruni
484 3409 630 3497 adiposi
650 3410 760 3496 ἱερεῖα,
785 3429 846 3497 quo
872 3412 974 3479 eiecto
999 3411 1124 3501 placide
1148 3412 1295 3502 procedit

150 3505 272 3594 orati03
303 3526 363 3597 pro
392 3504 537 3594 ἀνώτεροι
566 3512 683 3578 rectius
710 3509 851 3579 fortasse
878 3514 1042 3581 scribimus
1066 3518 1216 3602 ἀνωτέρω.
1245 3552 1291 3566 -

149 3605 220 3698 Vl,
248 3606 318 3701 12,
345 3608 382 3678 7.
414 3607 607 3697 Θεόχρηστον
630 3616 664 3680 dd
686 3617 919 3701 Κυρηναῖον-
945 3653 982 3665 -
1010 3620 1061 3682 καὶ
1090 3617 1183 3685 αὐτόν
1205 3647 1236 3687 τε
1263 3622 1294 3685 ἓν

146 3709 301 3801 Ὀλυμπίρι
325 3715 376 3777 καὶ
403 3710 447 3777 ἴτι
472 3710 619 3802 πρότερον
643 3717 696 3782 τὸν
721 3714 883 3800 ὁμώνυμόν
907 3746 939 3785 τε
962 3721 1045 3810 αὐτῷ
1069 3728 1119 3789 καὶ
1149 3732 1205 3789 τοῦ
1233 3750 1293 3789 πα-

150 3812 223 3899 τρὸς
244 3815 361 3902 πατέρα
382 3853 418 3866 -
440 3812 568 3895 τούτους
586 3819 642 3900 μὲν
664 3821 920 3886 {scabinionum
940 3826 1041 3903 νίκας,
1073 3829 1105 3892 ἓν
1126 3828 1159 3891 δὲ
1177 3829 1296 3915 Ἰσθμῷ

19 3996 22 4003 ¹
150 3921 206 3980 τοῦ
223 3914 419 4005 Θεοχρήστου
440 3923 545 4002 λαβεῖν
565 3921 619 3986 τὸν
642 3926 759 4012 πατέρα
780 3924 815 3989 τὸ
831 3926 1006 4012 ἐπίγραμμα
1024 3931 1116 4010 δηλοῖ
1135 3927 1169 3993 τὸ
1188 3932 1236 3993 ἐπὶ
1251 3936 1297 4017 τῷ

30 4022 33 4027 ’
151 4015 278 4104 ἅρματι.
330 4018 410 4105 Quis
434 4019 516 4090 haec
539 4022 717 4116 moringus
768 4022 957 4097 Siebclisius
979 4028 1058 4098 nihil
1080 4028 1119 4096 de
1139 4028 1295 4099 hocloco

151 4116 248 4211 dicit,
274 4122 338 4191 nisi
357 4141 465 4215 „ergo
478 4144 577 4219 arras,
604 4126 687 4196 lilius
700 4130 1165 4220 etncposhabueruntnomen
1178 4132 1296 4200 'dheo-

152 4219 311 4296 ολυοιλῖέι
361 4222 538 4322 Audimus,
564 4235 598 4301 at
611 4230 914 4328 nonintollighnusq
939 4236 1060 4306 utinam
1079 4235 1150 4306 viro
1172 4233 1304 4306 doetis-
