2872 4846
171 246 298 315 naun
540 217 986 312 rannrnrroy

49 436 52 443 “
171 432 345 515 terpetere
358 445 545 516 possumus3
578 424 746 495 Blenim
758 424 807 493 88
820 446 935 492 versus
950 424 1217 514 complectebatur
1234 445 1316 513 qua·

170 527 220 594 les
234 535 310 597 sunt
322 531 356 594 in
367 527 420 596 cd.
432 526 598 620 bekken,
625 527 653 595 B
670 530 820 596 2versus
834 527 902 617 86,
931 527 1014 594 unde
1032 526 1136 595 forma
1156 527 1268 594 maiori
1282 537 1318 599 ot

171 630 329 719 scriptura
347 650 439 719 quam
459 637 587 701 vocant
599 629 775 699 minuscula
795 635 963 699 exaratum
981 630 1083 696 fuisso
1104 627 1258 698 codicem
1279 629 1316 698 X

170 733 323 822 probabili
339 736 616 822 argumentatione
630 733 856 801 concludimus.
909 732 987 799 Alia
1001 732 1119 798 codicis
1134 731 1186 797 Va
1199 732 1316 807 lacuna

166 834 218 924 X,
232 834 294 924 36,
309 832 332 902 5
345 839 447 922 llsqlle
460 856 490 902 θ.
504 832 567 925 38,
581 836 618 903 6.
633 835 706 902 εἶναι
720 838 779 921 γὰρ
794 837 847 900 τὸν
862 837 1022 921 ἅντικυρέα
1042 839 1072 910 ἒς
1087 835 1121 900 τὸ
1138 836 1315 918 ἀκριβέστε-

167 963 223 1023 ρον
236 942 325 1021 τῆξαι
339 943 385 1001 ul.
402 936 600 1028 eodcmylere
612 939 714 1029 redit,
743 945 832 1007 certe
851 936 937 1004 haud
957 939 1002 1006 ita
1021 957 1139 1026 magna
1154 945 1204 1004 cst
1218 935 1314 1003 dide.-

167 1040 291 1126 rentia3
317 1038 506 1109 exciderunt
520 1041 604 1108 enim
616 1063 730 1109 versus
748 1039 821 1107 140
837 1039 984 1109 editionis
998 1037 1239 1128 cornelianae,
1260 1041 1313 1126 qui

166 1143 201 1207 in
221 1140 457 1232 duaspaginas
477 1141 634 1212 distributi
655 1164 720 1211 uon
739 1143 864 1231 quidem
885 1143 1010 1210 omnino
1036 1143 1227 1210 conveniunt
1243 1161 1314 1207 cum

166 1263 301 1311 numero
318 1262 471 1312 versuum
488 1246 521 1310 iu
542 1247 670 1334 paginis
691 1243 760 1313 lolii
778 1265 876 1334 supra
902 1243 1069 1332 descripti3
1106 1252 1139 1313 at
1165 1244 1312 1311 librarios

1 1332 6 1338 ¹
68 1351 70 1356 ’
140 1353 146 1360 “
167 1347 355 1436 pergameni
367 1353 401 1415 et
414 1347 545 1414 chartae
557 1350 739 1438 parciores,
765 1368 880 1415 versus
894 1346 987 1414 finem
999 1346 1152 1413 librorum
1163 1346 1215 1412 ubi
1229 1366 1312 1433 sup·-

6 1490 28 1537 ·.
77 1504 80 1510 .
166 1442 280 1537 petere
299 1449 442 1518 chartam
459 1446 570 1519 vidant
588 1469 662 1516 esse
684 1448 882 1538 profusiores
905 1471 970 1517 non
990 1469 1064 1516 raro
1081 1448 1312 1516 animadverti-

167 1571 249 1641 mus,
275 1551 360 1619 unde
373 1554 563 1641 scripturam
575 1553 608 1617 in
621 1553 740 1620 ultimis
756 1549 886 1620 Codicis
900 1553 937 1619 X
951 1550 1037 1620 loliis
1051 1553 1153 1618 minum
1167 1568 1312 1639 pressam

164 1651 270 1721 luisse
287 1653 376 1720 baud
393 1655 500 1743 inepte
519 1654 596 1723 licet
616 1656 792 1743 suspicari3
819 1655 928 1741 quibus
951 1653 1074 1721 accedit
1094 1653 1177 1742 quod
1195 1654 1227 1718 in
1246 1650 1310 1718 illis

170 1753 244 1822 140
264 1757 410 1825 versibus
431 1756 733 1843 quattrorlacunae
754 1757 933 1826 indicantur
952 1759 984 1823 in
999 1756 1137 1826 editione
1150 1755 1309 1821 Bekkeri.

63 1872 65 1876 ·
168 1894 216 1906 -
231 1855 393 1925 Versuum
404 1856 650 1948 longitudinem,
683 1880 775 1947 quam
789 1859 827 1926 ob
842 1859 973 1926 lacunas
987 1858 1182 1949 explendas,
1211 1878 1310 1924 accu-

165 1960 267 2028 ratius
279 1980 477 2050 cognoscere
489 1962 677 2050 praeprimis
691 1961 834 2051 expedit,
854 1963 932 2030 satis
946 1970 1015 2032 tuto
1027 1963 1066 2028 iis
1080 1962 1202 2027 lacunis
1218 1977 1310 2024 ema-

164 2063 217 2143 tiri
229 2070 397 2150 possumus
411 2064 463 2130 ubi
476 2062 634 2130 excidisse
648 2084 777 2131 versum
789 2062 960 2152 probabilis
976 2074 1026 2133 est
1039 2064 1233 2149 coniectura,
1247 2081 1310 2148 qua

163 2161 275 2254 iure,
301 2167 490 2254 praesertim
508 2166 540 2230 in
561 2168 721 2254 scriptura
739 2165 1124 2256 compendiariapneque
1144 2182 1309 2231 numerum

165 2273 362 2335 constantem
382 2287 456 2334 esse
475 2267 726 2355 exspectandum
744 2287 846 2355 neque
865 2269 991 2334 omnino
1011 2267 1052 2332 ad
1072 2265 1232 2334 literulam
1246 2286 1308 2332 us·

164 2373 225 2455 que
239 2385 308 2436 rem
322 2389 397 2436 esse
411 2361 629 2438 extricandam
643 2391 707 2436 non
726 2377 777 2438 est
790 2369 873 2457 quod
885 2389 1082 2436 moneamus.
1134 2368 1163 2455 Ι,
1185 2366 1247 2459 28,
1272 2367 1306 2434 1.

163 2467 211 2537 Μ.
226 2471 340 2547 omlbllt
352 2473 452 2537 verba
462 2470 674 2552 βουλεύσαντα
685 2492 787 2558 usque
800 2475 913 2556 ἐγένετο
928 2473 1003 2553 onim
1030 2493 1124 2558 quum
1140 2472 1229 2536 nulla
1243 2470 1307 2552 alia

17 2564 24 2572 ⁹
87 2593 90 2603 ’
162 2573 455 2640 omissioniscausa
468 2571 551 2642 adsit
564 2573 711 2639 librarius
727 2593 747 2637 a
760 2574 861 2660 primo
877 2593 975 2640 versu
989 2572 1029 2637 ad
1044 2575 1172 2641 tertium
1187 2575 1305 2640 omisso

161 2672 303 2741 secundo
327 2674 495 2740 aberrasse
516 2674 675 2763 putandus
699 2681 768 2761 est3
794 2674 905 2744 habuit
927 2676 1026 2764 igitur
1046 2675 1097 2741 hic
1117 2695 1232 2741 versus
1256 2674 1304 2744 74

160 2775 272 2844 literas
298 2809 345 2824 ’-
365 2775 411 2863 ll,
431 2774 493 2867 36,
516 2775 551 2841 2·
570 2775 618 2843 lll-
638 2777 753 2845 omittit
774 2773 790 2840 ὃ
807 2777 880 2852 ναὸς
888 2777 1010 2842 Ἀπόλλ.
1027 2815 1066 2826 -
1085 2781 1170 2862 ἕκτρ..
1183 2779 1215 2840 ἐκ
1232 2785 1304 2860 τῆς,·

39 2946 46 2963 .-
161 2874 321 2944 excidisse
342 2897 471 2943 vorsum
491 2897 584 2947 nemo
608 2877 703 2944 facile
722 2877 891 2967 dubitabit3
918 2878 1027 2948 babuit
1047 2878 1096 2946 63
1117 2880 1240 2947 literas.
1255 2916 1302 2960 ÷

159 2977 208 3069 Χ,
221 2978 285 3068 19,
302 2979 336 3047 7.
349 2977 398 3045 Μ.
416 2981 463 3046 sic
475 2980 573 3050 habel
586 2982 652 3046 sdes
670 2982 771 3064 ἕχονσε
789 2983 842 3046 τὸν
852 2981 1024 3066 Ἀντιόχου,
1052 2982 1209 3048 excidisse
1223 3001 1304 3047 ver·-

47 3135 49 3138 >
159 3103 230 3150 sum
243 3089 277 3150 et
289 3082 390 3164 ἐχονσε
403 3081 537 3150 duorum
547 3085 717 3150 verborum
731 3085 893 3153 continere
906 3083 1090 3175 fragmenta
1102 3082 1304 3153 manifestum

138 3242 140 3244 ,
159 3191 222 3253 cst.
272 3183 311 3253 ln
327 3181 410 3255 Ood.
423 3184 460 3253 X
472 3187 519 3252 sic
533 3186 686 3275 scriptum
700 3183 827 3254 luerat:

544 3334 685 3353 ........
695 3289 773 3375 πρὸς
785 3291 981 3369 Πτολεμαῖον
993 3290 1121 3371 κατέστη
1135 3287 1201 3353 τότε
1218 3289 1302 3372 ἕχον-

157 3415 198 3454 um
211 3387 266 3472 τὴν
279 3388 455 3471 μακεὸόνων·
469 3395 649 3473 βασιλείαν.
666 3395 860 3472 Πτολεμαῖος
884 3393 917 3455 δὲ
939 3384 976 3475 ἦν
1000 3383 1088 3466 οὗτος
1107 3391 1141 3466 ὃς
1162 3394 1302 3457 σέλευκον

138 3538 142 3542 -
158 3488 343 3579 ἓόολοφόνη-
356 3489 368 3585 Ι
383 3517 417 3556 σε
433 3491 485 3556 τὸν
500 3492 674 3574 ἀντιόχου..
685 3540 713 3556 ..
731 3484 777 3581 *J
1063 3551 1075 3558 ,,

94 3647 98 3658 .
156 3591 321 3686 Librarius
342 3593 380 3659 ab
402 3592 470 3674 ἔχον
484 3631 532 3642 -
546 3595 707 3664 aberravit
721 3592 761 3659 ad
775 3629 824 3643 -
838 3620 889 3674 σε,
914 3614 1012 3661 versu
1034 3596 1138 3663 medio
1161 3598 1299 3685 omiss03

155 3695 265 3762 habuit
278 3696 391 3764 literas
405 3694 466 3760 63.
489 3732 536 3745 -
555 3697 749 3786 Exemplum
765 3698 927 3787 geminum
947 3697 1098 3766 habemus
1118 3698 1167 3789 Χ,
1185 3698 1246 3788 26,
1261 3698 1298 3766 8.

155 3796 349 3876 ,Ἑλικάονος
362 3831 410 3843 -
424 3800 566 3880 γενέσθαι
582 3820 650 3888 ⁸0111·
664 3797 770 3888 lllosq.
784 3799 902 3888 ἑλιρίων
917 3821 974 3888 pro
990 3804 1152 3887 Εὐφορίων
1164 3794 1298 3886 Μοείὶ.ιζ
1335 3885 1337 3890 Ι

155 3896 278 3989 Slobel.
286 3922 298 3987 3
324 3898 467 3966 minime!
521 3900 558 3968 ln
572 3897 694 3970 Oodice
707 3901 743 3970 X
756 3903 803 3970 sic
816 3911 887 3971 erat
896 3904 1068 3990 scriptume

156 4037 364 4056 -u--r-——w

222 4095 249 4163 *J
267 4093 358 4149 laiseis
373 4095 477 4163 erectis,
497 4096 593 4179 quibus
606 4099 690 4151 vcrba
704 4096 796 4164 incidi,
813 4097 977 4150 indicaturus
995 4110 1065 4146 eram
1083 4093 1162 4144 finem
1176 4106 1298 4144 versuum

153 4165 182 4219 in
199 4164 300 4220 codice.
335 4164 453 4234 Paginue
471 4184 539 4222 enim
556 4168 648 4222 modus
665 4173 789 4219 accurata
806 4165 905 4220 codicis
920 4162 1122 4284 imitationtehnpe
1135 4158 1279 4230 prohibuit.

164 4256 167 4262 ·
541 4252 544 4262 ¹
769 4249 772 4252 ·
1000 4246 1050 4298 ppo
1082 4247 1134 4284 co.

602 4468 667 4587 ff
900 4557 901 4560 κ

439 4619 442 4628 .
759 4609 765 4625 o
903 4604 906 4609 “
