2872 4846
294 272 312 329 3
400 218 895 306 suumnuscunxur.
1134 242 1202 309 ενν

94 409 231 510 χρόνον.
263 332 357 509 w
372 407 428 485 Οὐ
442 408 565 505 πόῤῥω
582 411 623 482 δέ
639 412 730 482 ἐστιν
746 402 997 502 ὁκαλούμενος
1007 402 1199 504 Ὀμφαλός,
1313 488 1317 497 .

96 510 378 610 Πελοποννήσου
391 516 428 588 δὲ
442 514 479 561 ³⁸
490 509 604 608 πόσης
618 514 749 604 μέσον,
776 516 805 582 εἰ
828 506 872 607 δη
896 504 940 583 cci
958 506 1043 583 ὄντα
1065 506 1198 607 εἰρήκα-

96 634 161 691 σιν.
189 613 257 689 ἀπὸ
274 618 311 689 δέ
328 623 395 690 τοῦ
406 612 593 710 Ὀμφαλοῦ
614 612 879 709 mortuone&
912 610 1107 686 Διονύσου·
1115 619 1196 709 σφί-

95 736 152 794 σιν
168 715 262 814 ἱερόν
276 723 368 792 ἐστιν
390 715 551 813 ἀρχαῖον,
578 718 706 789 ἔστιδὲ
733 719 790 787 καί
806 710 1017 803 ’Λπόλλωνος
1039 720 1098 788 καί
1118 712 1197 788 ”llo

97 828 224 910 Ισιδος.
260 819 300 895 τό
326 824 387 914 μέν
414 817 458 917 δὴ
486 817 619 915 ἄγαλμα
641 824 707 891 τοῦ
734 813 920 903 Διονύσου
942 824 1052 912 δῆλον
1079 825 1266 910 ciocum

95 918 264 1010 δίσαότως
278 927 316 997 δὲ
331 928 388 996 καί
400 920 440 996 τό
458 929 525 995 τοῦ
536 917 763 1008 Ἀπόλλωνος·
791 915 831 993 τό
846 922 883 992 δέ
900 927 962 1016 τῆς
975 917 1103 1009 Ἴσιδος
1122 937 1199 1009 τοῖς

94 1014 273 1120 ίερεῦσι40
300 1022 498 1099 θεάσασθαι
521 1022 633 1118 μόνον
655 1028 754 1096 ἔστιν.
823 1026 880 1119 (8)
902 1027 1049 1119 Λέγεται
1073 1026 1111 1097 δὲ
1139 1028 1233 1096 καί8

95 1123 158 1201 όδε
172 1128 209 1175 41
240 1123 314 1223 ὑπό
348 1133 523 1202 Φλιασίων
543 1123 667 1223 λόγος,
692 1122 883 1219 Ἡρακλέα,
918 1120 974 1198 ὅτ’
998 1128 1038 1211 ,ἐκ
1059 1122 1199 1223 Διβόης

95 1225 257 1327 ἂνεσοίθη
280 1235 430 1323 κομίζων
451 1227 494 1302 τό
517 1238 609 1326 μῆλα
627 1225 669 1304 τὰ
685 1225 904 1323 Ἑσπερίδων
922 1222 1137 1323 καλεόμενα,
1163 1235 1200 1318 ές

97 1338 276 1406 Φλιοῦντα
297 1337 410 1407 έλθείν
423 1328 509 1406 κατδι
532 1328 576 1430 δή
591 1362 623 1405 τι
638 1338 749 1421 ἰδιον,
767 1336 997 1423 διαιτωμένου
1016 1332 1056 1406 δέ
1079 1335 1200 1405 ἐνταῦ-

93 1434 193 1507 θα42
210 1439 314 1509 Οἰνέα
327 1435 362 1523 ἐξ
384 1441 558 1523 Αἰτωλίας
584 1430 775 1530 ἀφικέσθαι
802 1429 879 1526 παρ’
896 1429 1021 1507 αὐτόν·
1056 1431 1202 1530 ἐγεγόνει

94 1539 133 1609 δέ
148 1544 197 1634 τῷ
210 1534 371 1632 Ἡρακλεῖ
383 1535 554 1632 πρότερον
569 1542 618 1608 έτι
633 1532 811 1632 κηδεστὴς,
825 1531 903 1608 τότε
915 1538 953 1609 δὲ
971 1532 1202 1631 ἄφιμμένος43

95 1645 202 1712 εἱστία
219 1636 471 1743 τδνξΗρακλέα,
490 1635 514 1735 ἢ
530 1634 641 1726 αὐτὸς
666 1645 813 1710 εἱστιᾶτο
828 1635 901 1711 ὑπὸ
917 1643 1069 1711 ἐκείνου·
1103 1635 1201 1712 Kaia-

94 1747 165 1812 θον
193 1736 228 1814 δ’
253 1743 322 1816 οὐν
341 1748 449 1815 παῖδα
473 1737 636 1837 οἰνοχόον
666 1743 798 1829 Οἰνέως
828 1736 897 1814 οὐκ
919 1737 1129 1836 ιίμεσθείς44
1150 1748 1201 1839 τῷ

95 1847 238 1915 δοθέντι
251 1841 388 1936 πώματι
411 1849 503 1917 παίει
526 1851 596 1918 τῶν
618 1839 799 1918 δακτύλων
814 1848 864 1917 tut
885 1848 921 1932 ἐς
941 1839 1003 1940 την
1025 1841 1199 1941 κεφαλήν·

40 1922 72 2057 ι
95 1938 342 2035 αποθανόντος
363 1950 401 2020 δέ
418 1943 542 2020 αὐτίκα
560 1942 633 2020 ὑπὸ
653 1954 721 2043 τῆς
735 1953 867 2043 πληγῆς
899 1951 1081 2033 Φλιασίοις
1108 1950 1201 2021 ἐστίν

95 2052 223 2144 οἴκημα
244 2052 280 2138 ἐς
301 2046 448 2148 μνήμην.
480 2057 589 2123 τοῦτο
613 2044 835 2149 ᾠκοδόμηται
854 2051 915 2141 μὲν
940 2044 1034 2144 παρὰ
1048 2043 1089 2121 τό
1106 2044 1201 2144 ίερδν
1316 2104 1323 2121 .

93 2320 232 2381 occlusae
246 2320 318 2378 illae
334 2319 424 2379 aedes
444 2320 577 2378 fuerunt.
622 2320 670 2401 (7)
692 2321 758 2378 Non
777 2320 868 2398 longe
882 2321 966 2379 locus
984 2327 1038 2395 est,
1058 2320 1111 2400 qui
1125 2322 1203 2379 Um-

94 2405 202 2462 bilicus
222 2398 347 2479 dicitu'r,
373 2404 581 2462 meditullium
594 2409 686 2463 totius
707 2406 928 2483 Peloponnesi,
953 2407 978 2463 si
995 2403 1087 2463 modo
1112 2406 1155 2463 ita
1169 2427 1203 2464 se

93 2486 188 2546 habet
199 2509 256 2561 res,
279 2491 326 2545 uti
339 2491 398 2568 ipsi
416 2489 531 2547 dicunt.
574 2492 622 2549 Ab
636 2491 786 2547 Umbilico
802 2510 978 2571 progressus
997 2491 1099 2545 Liberi
1114 2501 1203 2547 vetu-

94 2575 339 2650 stumtemplum
360 2571 484 2631 videas:
514 2575 664 2652 Apollinis
683 2576 776 2631 etiam
793 2593 906 2649 unum,
941 2584 972 2631 et
993 2572 1077 2631 aliud
1102 2573 1203 2632 Isidis.

94 2660 130 2714 ln
155 2659 197 2715 eis
217 2658 321 2731 Liberi
341 2667 370 2715 et
393 2657 542 2735 Apollinis
565 2660 651 2738 signa
676 2661 813 2737 exposita
833 2660 969 2716 omnium
991 2658 1085 2715 oculis
1115 2668 1203 2716 sunt:

40 2746 49 2775 ²
94 2740 183 2799 Isidis
206 2762 277 2799 vero
294 2743 366 2800 solis
382 2741 587 2800 sacerdotibus
606 2745 777 2822 conspicere
800 2745 846 2801 fas
867 2754 922 2815 est.
966 2740 1013 2821 (8)
1035 2745 1205 2820 Peruagata

95 2836 140 2883 est
160 2828 239 2883 inter
251 2824 399 2903 Phlipsios
414 2828 516 2900 fama,
539 2830 703 2885 Herculem
725 2849 741 2884 e
759 2829 857 2907 Libya
873 2825 1051 2885 redeuntem
1073 2828 1205 2906 abreptis

91 2908 296 2988 Hesperidum
310 2913 399 2969 malis
410 2908 588 2968 Phliuntem
599 2914 717 2970 venisse
732 2916 780 2970 sui
796 2914 965 2991 cuiuspiam
977 2913 1091 2989 negotii
1104 2931 1208 2971 causa.

63 2993 145 3087 pud
166 3014 236 3053 eum
258 2994 301 3051 ibi
323 3007 562 3054 commorantem
589 3000 725 3055 Oeneum
743 3016 783 3055 ex
798 2998 932 3071 Aetolia,
961 2998 1014 3075 qui
1034 3016 1119 3054 socer
1140 2999 1204 3054 eius

56 3116 61 3125 =
85 3086 199 3154 ·'esset,
230 3082 401 3139 accessisse.
468 3082 514 3137 Ibi
541 3101 636 3160 quum
661 3083 711 3139 vel
732 3084 850 3139 Oeneus
876 3084 1040 3138 Herculem
1067 3080 1107 3138 ad
1135 3102 1206 3139 coe-

86 3174 168 3221 nam
189 3175 344 3238 vocasset,
374 3167 425 3222 vel
447 3166 513 3242 ipse
535 3165 616 3243 apud
652 3185 722 3222 emn
744 3166 950 3240 accumberet,
992 3164 1100 3222 dicitur
1125 3168 1205 3221 Her-

96 3246 180 3327 cules
203 3246 297 3324 digito
320 3269 381 3307 uno
402 3246 513 3326 cyathi
532 3252 638 3326 pueri,
674 3249 727 3330 qui
752 3258 815 3304 erat
831 3250 932 3306 Oeneo
957 3259 974 3304 a
997 3251 1107 3324 calice,
1141 3251 1205 3306 eius

43 3352 49 3359 ·
96 3333 129 3389 in
155 3329 313 3389 fundendo
341 3333 508 3390 ministerIo
540 3331 696 3405 offensus,
727 3342 791 3390 tam
812 3333 943 3409 graviter
967 3343 1057 3411 caput
1082 3353 1229 3411 percus--

95 3417 191 3490 sisse,
219 3426 254 3473 ut
279 3435 321 3472 ex
345 3438 381 3476 eo
401 3419 464 3474 ictu
482 3435 558 3494 puer
580 3415 662 3475 diem
682 3436 773 3474 suum
789 3417 891 3474 statim
913 3416 1031 3474 obierit.
1089 3420 1125 3474 In
1144 3418 1208 3473 eius

96 3501 170 3559 facti
191 3503 370 3561 memoriam
394 3501 523 3561 Phliasii
549 3501 589 3560 cd
620 3502 772 3580 Apollinis
796 3503 906 3561 cellam
927 3499 1141 3575 aedificarunt,
1176 3501 1209 3556 iu

108 3741 452 3804 anniculorum.
488 3748 554 3804 Mox
572 3749 635 3818 εἰδη
671 3754 724 3802 tum
752 3743 811 3801 διεδ
834 3751 930 3816 ptrue.
944 3748 1028 3804 Μία.
1049 3741 1097 3804 ὅτε
1118 3743 1150 3803 lu
1168 3749 1210 3819 Ag

96 3818 147 3873 ιι.
673 3818 741 3871 vm
757 3812 863 3887 Λιβίας
877 3818 928 3871 νε.
1086 3822 1089 3827 ·

110 3896 176 3974 ab.
193 3918 381 3987 προελθοδσιν
391 3917 487 3988 Ang.
671 3918 765 4042 8θὲλῶ
776 3912 901 4056 §eppira
923 3919 975 3991 Ag.
1011 3912 1168 3988 olrice-(v
1194 3937 1210 3973 a

94 4030 638 4185 &palmetarpplppdpopeutmvnpc
697 4054 764 4195 ,4¹33
774 4067 1014 4195 ἄφίκόδένθῖίὼ
1037 4065 1086 4129 δι’
1101 4064 1206 4129 leve.

127 4174 130 4179 '
245 4172 253 4181 ”
507 4172 512 4177 ·
613 4178 616 4183 -
671 4160 724 4196 noct
765 4160 799 4197 ον
835 4160 860 4195 a.
968 4160 991 4207 ⁴3·.

131 4220 177 4275 ιι.
197 4217 479 4295 tucamur.
492 4226 635 4283 neuneu
662 4220 671 4233 '
703 4220 1035 4351 ufteepceoarffl

722 4335 729 4363 ι
762 4324 809 4367 ⁵¹³?
940 4320 954 4331 ''
981 4322 1023 4359 ·.··
