2872 4846
241 266 305 329 444
648 254 937 321 ΛΑΚΩΝΙΚΑ

237 421 469 518 Ἀναξάνδρου
492 429 559 496 τοῦ
582 420 842 520 Βλάρυκράτους
873 420 929 518 (τδ
942 418 1006 517 γάρ
1028 416 1139 516 χρεών
1160 416 1230 515 ήδη
1257 426 1359 493 Μεσ-

173 533 391 626 2ιοσηνίους
405 524 554 622 ήλαυνεν
574 527 673 616 ἐκτὸς
688 522 964 623 Πελοποννήσου
988 519 1117 619 πάσης)
1140 517 1359 617 ἀφίστανται

239 634 521 722 Λακεδαιμονίων
536 635 573 702 oi
579 626 787 728 Μεσσήνιοι,
807 633 865 701 καί
878 624 1007 724 χρόνον
1021 627 1083 718 μἐν
1098 620 1264 720 ἀντέσχον
1287 649 1358 699 πο-

157 784 160 794 =
239 739 444 827 λεμοῦντες,
478 728 704 807 ὑπόσπονδοι
725 735 782 822 δὲ,
815 729 864 820 ὥς
891 724 1147 826 ἐκρατήθησαν,
1193 723 1358 821 ἀπήεσαν

239 842 277 910 ἐκ
298 831 585 930 Πελοποννήσου.
637 831 678 908 vd
702 837 740 909 δὲ
762 830 880 909 αὐτῶν
904 832 1169 928 ἐγκαταλειφθὲν
1185 828 1215 875 ¹¹
1241 837 1285 924 τῇ
1307 838 1357 927 γῇ

239 942 520 1030 Λακεδαιμονίων
550 941 706 1032 ἐγένοντο
734 943 878 1027 οἰκέται,
911 932 1001 1031 πλήν
1030 940 1068 1005 oi
1088 928 1129 1005 τά
1153 937 1190 1004 έν
1211 939 1256 1026 τῇ
1281 941 1356 1005 θα-

205 1038 351 1135 τλάσση
378 1044 572 1130 πολίσματα
597 1044 740 1135 ἔχοντες.
793 1035 835 1112 τά
859 1040 922 1132 μὲν
943 1035 988 1134 δή
1016 1039 1071 1108 ἐπί
1091 1041 1159 1109 τοῦ
1188 1039 1355 1127 πολέμου

239 1139 419 1238 συμβάντα
441 1136 484 1214 ὃν
498 1140 531 1186 ¹2
555 1147 592 1214 οί
615 1138 808 1238 Μεσσήνιοι
830 1143 1112 1232 Λακεδαιμονίων
1136 1132 1356 1227 ἀποστάντες

237 1247 451 1341 ἐπολέμησαν
483 1240 531 1316 οὔ
554 1272 616 1336 μοι
637 1241 721 1318 κατὰ
743 1240 866 1341 καιρὸν
889 1233 933 1339 ήν
966 1247 1002 1315 έν
1027 1249 1068 1336 τῇ
1095 1247 1282 1336 συγγραφῇ
1307 1248 1354 1336 τῇ

238 1341 403 1443 παρούσῃ
434 1351 596 1442 δηλῶσαι.
656 1353 714 1441 (5)
736 1342 968 1443 Ἀναξάνδρου
998 1347 1035 1418 δὲ
1057 1339 1139 1430 υἱδς
1160 1339 1353 1439 Εὐρυκρά-

238 1478 301 1546 της
335 1454 481 1545 γίνεται,
540 1445 801 1545 Εὐρυκράτους
836 1452 875 1523 δὲ
917 1455 985 1521 τοῦ
1025 1451 1196 1541 δευτέρον
1237 1450 1352 1520 Λέων.

240 1555 296 1625 ἐπὶ
321 1547 459 1624 τούτων
479 1549 736 1646 βασιλευόντων
757 1546 1024 1644 Λακεδαιμόνιοι
1047 1553 1282 1644 προσέπταιον
1313 1553 1353 1622 ἐν

239 1662 289 1752 τῷ
308 1649 399 1751 πρὸς
416 1650 584 1749 Τεγεάτας
595 1659 733 1752 πολέμῳ
751 1652 792 1727 τά
818 1659 967 1728 πλείονα.
1019 1656 1073 1724 ἐπὶ
1089 1653 1126 1724 δέ
1137 1647 1351 1746 Ἀναξανδρί-

240 1764 311 1831 δον
329 1763 396 1829 τοῦ
414 1759 568 1845 Λέοντος
595 1761 867 1854 ἐπικρατέστεροι
886 1762 1061 1852 Τεγεατῶν
1076 1753 1270 1850 γίνονται13
1297 1762 1350 1851 τῷ

239 1863 394 1956 πολέμῳ·
426 1863 578 1952 γίνονται
602 1862 640 1931 δὲ
661 1856 786 1948 οὕτως.
833 1855 919 1954 ἀνήρ
940 1852 1215 1948 Λακεδαιμόνιος
1234 1862 1351 1952 Λίχας

242 1958 354 2052 ὄνομα
379 1955 521 2054 ἀφίκετο
538 1966 574 2049 ές
596 1966 738 2057 Ἱέγεαν·
782 1967 971 2058 τηνικαῦτα
991 1962 1029 2032 δέ
1052 1965 1090 2030 αἱ
1102 1953 1221 2045 πόλεις
1238 1956 1350 2055 άγου-

206 2085 224 2140 6
242 2080 301 2137 σαι
316 2058 472 2152 σπονδάς
487 2067 619 2160 έτυχον.
648 2070 703 2160 (6)
709 2060 938 2160 ’Λφικομένου
953 2064 991 2136 δὲ
1004 2068 1071 2134 τοῦ
1077 2067 1166 2156 Λίχα
1174 2057 1350 2156 Ὀρέστου

239 2335 323 2394 dium
344 2339 491 2395 incubuit.
551 2336 599 2416 (4)
627 2343 692 2398 Iam
711 2361 781 2399 vero
803 2341 976 2419 Eurycratis
1001 2337 1063 2394 filio
1086 2334 1270 2393 Anaxandro
1295 2356 1348 2392 re-

237 2430 359 2499 gnante,
381 2423 620 2481 Messeniosfata
633 2445 688 2482 sua
701 2438 787 2482 extra
802 2429 1047 2503 Peloponnesum
1060 2424 1221 2478 eiecerunt.
1245 2423 1349 2491 Quum

237 2507 319 2564 enim
342 2504 619 2565 &Lacedaemoniis
638 2509 832 2584 defecissent,
858 2530 944 2587 pares
966 2510 1027 2564 illis
1051 2505 1239 2584 aliquamdiu
1261 2507 1347 2565 bello

236 2593 338 2648 fuere:
366 2602 518 2670 postremo
545 2598 693 2672 superati,
717 2616 756 2652 ex
780 2605 867 2673 pacto
890 2602 1036 2652 convento
1059 2594 1192 2647 ziniversi
1215 2612 1231 2647 e
1251 2593 1347 2649 Pelo·

236 2696 369 2754 ponneso
393 2689 603 2735 excesserunt:
634 2683 686 2758 qui
710 2682 805 2738 relicti
822 2690 907 2751 suut,
939 2697 1042 2735 omnes
1060 2678 1093 2731 in
1108 2696 1224 2732 nexum
1244 2695 1261 2731 a
1281 2678 1346 2733 La-

238 2759 440 2818 cedaemoniis
466 2761 601 2836 abducti,
630 2776 749 2841 praeter
771 2785 821 2822 eos
838 2775 958 2836 tamen,
984 2764 1037 2840 qui
1056 2763 1209 2818 maritima
1231 2759 1345 2839 oppida

237 2847 419 2902 incolebant.
463 2848 545 2916 Quae
567 2851 598 2903 in
623 2869 658 2905 eo
674 2851 754 2907 bello
775 2852 948 2920 evenerint,
980 2845 1062 2925 quod
1075 2856 1195 2923 gestum
1214 2855 1259 2902 est
1276 2856 1345 2924 post

238 2931 459 2985 Messeniorum
483 2927 702 3007 defectionem,
736 2954 798 2990 non
829 2931 969 2990 videntur
1002 2934 1074 2988 satis
1097 2941 1164 3007 apte
1188 2950 1258 2986 cum
1284 2929 1344 2986 hac

237 3011 380 3070 historiae
401 3022 484 3090 parte
508 3013 676 3073 cohaerere.
719 3015 766 3094 (5)
791 3017 975 3074 Anaxandro
995 3018 1174 3093 Eurycrates
1197 3016 1343 3092 gignitur,

238 3100 403 3175 Eurycrate
427 3101 543 3156 minore
558 3102 652 3158 Leon.
696 3104 750 3160 His
772 3104 965 3180 regnantibus
986 3099 1218 3158 Lacedaemonii
1239 3119 1255 3155 a
1273 3101 1342 3155 Te·-

170 3247 174 3256 ‚
238 3186 334 3267 geatis
355 3181 457 3241 clades
481 3187 650 3264 complures
676 3199 864 3266 acceperunt.
917 3187 1014 3246 lidem
1041 3187 1096 3243 sub
1122 3183 1342 3242 Anaxandrida

236 3264 358 3326 Leontis
381 3269 444 3326 filio
470 3270 646 3329 secundiore
672 3275 786 3346 multo,
824 3293 917 3352 quam
941 3275 1114 3347 Tegeatae,
1150 3272 1271 3327 fortuna
1293 3272 1342 3328 usi

237 3363 316 3411 sunt.
366 3355 425 3411 Res
453 3366 554 3412 autem
576 3360 618 3414 sic
641 3357 861 3436 propemodum
889 3367 974 3435 gesta
1003 3366 1056 3412 est.
1105 3353 1214 3412 Lichas
1242 3357 1342 3411 Lace-

237 3437 413 3497 daemonius
442 3440 580 3519 Tegeam
604 3446 703 3499 venit:
744 3454 829 3500 erant
851 3445 933 3500 enim
961 3452 1033 3497 tunc
1058 3439 1185 3496 foederis
1206 3441 1269 3495 iure
1291 3441 1342 3495 in-

235 3533 281 3580 ter
311 3543 361 3582 eas
393 3527 526 3584 civitates
554 3537 661 3605 pacata
690 3530 803 3586 omnia.
868 3529 916 3606 (6)
943 3529 972 3583 Is
998 3527 1110 3583 Orestis
1135 3544 1224 3597 ossa,
1263 3543 1341 3603 (puae

270 3777 312 3828 11.
332 3767 548 3844 ἐγκαταληφθὲν
559 3778 700 3847 BPcMAg.
725 3772 768 3846 ίγ-
804 3774 934 3845 δηλώσω,
954 3794 984 3828 αι
995 3777 1075 3847 super
1087 3794 1108 3828 ω
1119 3780 1267 3846 expuncto,
1288 3775 1339 3826 La.

233 3838 423 3910 καταλειφθὲν
434 3846 506 3900 Εδδ.
519 3849 624 3916 antea,
641 3847 769 3901 AmVab
803 3846 868 3900 Mox
893 3841 1065 3914 εὐρνκράτης
1086 3840 1118 3897 δὲ
1140 3844 1192 3895 τοῦ
1206 3843 1256 3894 La.
1284 3850 1340 3896 tum

115 3916 118 3921 '
232 3912 291 3966 Lab
309 3913 362 3979 (La
374 3931 423 3982 per
434 3934 503 3968 corr.
519 3935 552 3969 ex
561 3920 602 3984 η).
618 3910 670 3985 [έν]
687 3917 723 3985 τῇ
734 3917 770 3986 γῇ
803 3908 850 3968 int
862 3910 893 3967 δὲ
907 3910 1098 3984 ἀναξανδρίου
1109 3911 1161 3965 Lb.

233 3981 265 4047 C,
285 3988 315 4033 ut
335 3983 449 4037 coniecit
467 3987 501 4037 δ’.
521 3980 612 4037 ίκέται
628 3986 678 4053 Ag.
709 4002 770 4037 mox
840 3992 1273 4068 13.ytyvoveossdd.PcA11b·
1299 3997 1339 4061 γί-

230 4041 322 4117 ἒπὶῑίί
335 4051 402 4103 θαί·
419 4053 612 4107 ⁰⁰¹¹l·0·Hi⁸l·
624 4055 672 4108 (10⁸
684 4071 768 4123 Pfeffl·
803 4069 968 4136 γνωντοιιΜ.
986 4068 1110 4137 γίνονται
1119 4065 1186 4117 vab.
1204 4009 1338 4129 ἳγένοντο

232 4125 316 4187 temps
328 4118 362 4171 de
379 4120 406 4172 ¹⁸
424 4123 513 4175 Grlce
529 4123 571 4189 Π»
588 4124 648 4178 173·
803 4138 853 4192 La.
885 4137 949 4190 Mox
966 4138 1107 4205 γίγνονται
1126 4127 1158 4185 δὲ
1173 4133 1246 4186 Εδδ.
1259 4131 1338 4200 PoAg

267 4205 309 4258 12.
335 4193 374 4256 ὧν
394 4204 424 4260 oi
444 4208 602 4263 VabMLab.
637 4209 769 4279 Deinceps
804 4210 873 4261 Vab.
893 4205 1017 4274 γίνονται
1028 4199 1059 4257 δὲ
1070 4203 1169 4258 Mtab.
1205 4201 1338 4271 Deinceps

232 4263 263 4327 ἓν
289 4272 323 4343 τῇ
349 4277 495 4346 συγγραφῇ
523 4272 653 4350 παροάση
678 4278 768 4334 iidem.
802 4270 921 4345 ἄγουσαι
933 4268 1059 4337 σπονδάς
1069 4273 1119 4328 La.
