2872 4846
484 240 576 301 SEU
598 242 687 301 LIB.
710 244 750 300 Π.
791 243 891 302 ΟΑΡ.
909 232 964 301 ΙΧ.
1206 244 1271 309 ΞΊΊ

164 428 297 500 γνπτον
317 412 374 481 καί
392 416 495 506 τιμῆς
516 405 609 504 παρά
631 411 837 506 Πτολεμαίῳ
856 412 976 506 πρῶτα
991 408 1024 458 ¹³
1043 412 1164 504 ἔχοντα
1184 404 1267 484 συν-

164 513 223 606 έβη
250 506 395 608 δεθῆναι
420 517 706 607 καταγνωσθέντα
736 519 932 608 Αἰγυπτίων
960 510 1089 606 ἄνδρας
1115 515 1168 583 ἐπί
1203 509 1266 585 τδν

163 618 303 705 βασιλέα
324 612 535 688 συνιστάναι.
582 619 639 686 καί
655 610 788 705 ἀπέδρα
811 617 872 706 μίν
892 619 928 687 ἐκ
944 620 1012 687 τοῦ
1026 619 1266 711 δεσμωτηρίου

161 719 219 786 καί
234 731 310 803 τοίς
321 712 595 813 Ἀλεξανδρεῦσιν
616 712 725 812 ἀρχὴν
740 714 908 812 θορύβου
925 720 1087 813 παρέσχε·
1102 715 1141 762 14
1155 720 1266 813 ,τέλος

162 819 217 902 δέ,
252 814 301 905 ὦς
325 817 500 914 ἡλίσκετο,
541 814 737 915 ἀπέσφαξεν
767 816 886 892 αὐτόν.
902 819 938 867 ¹⁵
999 813 1265 911 Λακεδαιμδκιοι

161 921 199 991 δέ
231 916 373 1012 ἀσμενοι
404 925 627 1013 Κλεομένους
657 918 902 1016 ἀπαλλαγέντες
930 916 1177 1016 βασιλεύεσθαι
1203 924 1265 1014 μὲν

161 1017 278 1094 οὐκέτι
298 1018 464 1119 ἠξίωσαν,
490 1020 532 1096 roi
555 1027 595 1096 δὲ
614 1020 718 1096 λοιπὰ
741 1028 800 1096 καί
822 1029 858 1112 ἐς
880 1021 961 1097 τόδε
975 1027 1125 1115 διαμένει
1143 1029 1265 1118 σφίσιν

160 1128 289 1221 ἐκείνης
312 1134 374 1222 τῆς
400 1132 582 1214 πολιτείας.
631 1123 754 1224 Ἀράτῳ
784 1129 821 1199 δέ
840 1122 1049 1222 Ἀντίγονος,
1082 1121 1141 1197 ἀτε
1163 1122 1264 1221 ἀνδρί

159 1222 318 1322 εὐεργέτῃ
340 1233 397 1300 καί
423 1234 760 1327 συγκατειργασμένῳ
777 1229 811 1276 ¹⁶
833 1226 989 1325 λαμπραί,
1019 1223 1115 1301 οὕτω
1142 1233 1263 1322 διέμει-

157 1357 215 1401 νεν
246 1326 385 1419 εὔνους.
445 1336 501 1424 (4)
539 1338 712 1419 Φίλιππος
740 1335 778 1404 δέ
802 1329 852 1420 ’ὡς
873 1337 1041 1427 παρέλαβε
1068 1327 1131 1427 τὴν
1154 1326 1296 1429 ἀρχὴν4

158 1426 222 1523 (ori
245 1427 309 1527 γάρ
332 1430 442 1507 αὐτὸν
456 1431 599 1529 ’Ἁρατος
618 1441 726 1531 θυμῷ
751 1430 862 1507 πολλοὶ
885 1439 921 1522 ἐς
942 1429 1030 1521 τοδς
1047 1429 1263 1528 ἀρχομένους
1404 1444 1416 1465 “

155 1530 332 1629 χρώμενον
346 1535 378 1581 ¹⁷
397 1533 529 1630 ἐπῄνει,
551 1532 593 1609 roi
609 1539 646 1608 δέ
662 1541 719 1608 καί
732 1534 934 1633 ὡρμημένον
947 1542 1055 1631 ἐπεῖχε
1075 1531 1121 1630 μὴ
1136 1547 1261 1624 ποιεῖν)

156 1633 292 1708 τούτων
308 1643 432 1710 εἰνεκεν
444 1634 635 1713 ἀπέκτεινεν
642 1635 796 1728 Ἄρατον,
815 1634 923 1712 οὐδὲν
938 1641 1155 1734 προϊδομένῳ
1172 1634 1263 1725 δούς

156 1744 193 1809 oi
212 1734 407 1833 ῳάρμακον.
475 1745 530 1812 καί
558 1737 620 1813 τὸν
644 1744 706 1833 μέν
730 1740 765 1829 ἐξ
784 1746 905 1836 Αἰγίου
920 1741 954 1791 ¹⁸
981 1736 1108 1835 (ταύτῃ
1136 1735 1201 1836 γὰρ
1220 1736 1262 1812 τδ
1319 1761 1332 1774 ·

153 1836 264 1935 χρεῶν
279 1845 438 1934 ἐπέλαβεν
451 1838 578 1935 αὐτὸν)
603 1847 639 1931 ἐς
658 1849 824 1916 Σικυῶνα
837 1843 1081 1936 κομίσαντες19
1103 1839 1260 1916 δάπτου-

155 1961 190 2016 σι
214 1947 271 2015 καί
299 1940 340 2016 τδ
364 1941 482 2043 ἡρῷον
503 1941 669 2041 Ἀράτειον
689 1951 737 2021 έτι
764 1942 980 2042 ὀνομάζεται·
1036 1950 1197 2046 Φιλίππῳ
1221 1947 1259 2019 δέ

151 2208 237 2245 mum
257 2201 301 2249 eet
322 2210 338 2248 a
356 2194 529 2251 Ptolemaeo
551 2204 714 2252 tractatus:
739 2206 769 2252 at
785 2192 893 2251 deinde
912 2193 944 2249 in
960 2191 1082 2249 vincula
1095 2190 1256 2266 coniectus,

152 2295 189 2331 eo
211 2277 336 2332 crimine
366 2277 544 2350 damnatus,
582 2279 663 2356 quod
690 2277 833 2336 adversus
864 2297 967 2354 regem
987 2277 1153 2353 Aegyptios
1182 2296 1256 2333 con-

131 2360 280 2416 ¹citasset.
323 2363 363 2416 Et
384 2365 409 2419 is
432 2382 504 2419 sane
523 2374 594 2419 tunc
620 2362 741 2439 effugit:
770 2362 824 2420 sed
838 2380 912 2420 mox
933 2381 1028 2440 quum
1041 2359 1261 2420 Alexandrinis

150 2446 221 2500 novi
243 2447 391 2502 tumultus
419 2457 522 2504 auctor
542 2449 726 2520 exstitisset,
759 2449 869 2503 iterum
890 2443 1143 2524 comprehensus,
1173 2446 1257 2505 anor·
1328 2454 1331 2461 '

149 2537 212 2584 tem
245 2530 303 2585 sibi
334 2532 492 2590 conscivit*
547 2534 612 2601 Quo
642 2530 875 2588 Lacedaemonii
910 2550 971 2587 non
999 2530 1087 2585 inviti
1116 2549 1188 2586 sane
1215 2533 1257 2586 li.-

148 2613 245 2669 berati
280 2615 397 2689 regium
423 2615 548 2693 quidem
577 2616 741 2693 imperium
768 2613 944 2671 abdicarunt
953 2632 965 2671 :-
1004 2614 1121 2692 reliqua
1154 2623 1256 2670 tamen

139 2699 213 2754 xeius
235 2699 435 2774 reipublicae,
475 2718 553 2776 quae
579 2709 646 2756 tum
666 2701 827 2756 constituta
856 2701 972 2771 fuerat,
1010 2699 1108 2756 forma
1139 2699 1176 2754 in
1196 2695 1254 2757 hoc

148 2801 244 2861 usque
270 2793 391 2861 tempus
411 2793 580 2860 permanet.
624 2787 716 2841 Arato
730 2785 917 2860 Antigonus,
940 2793 974 2838 ut
993 2779 1030 2839 de
1046 2802 1078 2838 se
1094 2783 1172 2839 bene
1188 2803 1255 2840 me-

64 2878 66 2889 “
147 2869 204 2923 rito
229 2868 312 2940 viro,
344 2879 374 2924 et
394 2888 495 2926 rerum
518 2878 673 2944 gestarum·
691 2869 788 2944 gloria
806 2868 939 2943 insigni,
971 2875 1148 2943 perpetuam
1166 2887 1255 2945 prae-

146 2953 223 3007 stitit
239 2952 492 3009 benevolentiam.
537 2949 586 3030 (4)
607 2955 648 3009 At
663 2971 734 3008 eum
745 2949 916 3029 Philippus,
939 2968 1033 3029 quum
1047 2951 1110 3006 iam
1128 2970 1254 3029 regnare

147 3038 307 3114 coepisset,
331 3035 412 3115 quod
426 3038 538 3111 multa,
566 3055 644 3114 quae
661 3037 714 3092 il-le
731 3039 763 3092 iu
783 3057 851 3110 eos,
880 3037 989 3114 quibus
1003 3046 1158 3113 praeerat,
1182 3032 1254 3115 age-

146 3121 197 3177 bat
219 3121 406 3193 iracundius,
443 3124 553 3179 Aratus
580 3141 640 3178 non
668 3121 829 3198 probabat,
860 3140 894 3176 ac
925 3140 1015 3197 saepe
1043 3122 1135 3176 etiam
1160 3123 1254 3177 animi

146 3205 261 3282 impetu
284 3204 493 3264 vehementius
519 3207 703 3263 concitatum
724 3205 894 3276 coercebat,
917 3202 996 3260 nihil
1014 3205 1076 3261 tale
1094 3207 1254 3263 timentem
1305 3216 1307 3223 '

145 3309 263 3346 veneno
282 3286 351 3348 dato
370 3293 499 3347 necarit.
543 3292 619 3347 Eiua
639 3287 763 3367 quidem
790 3287 916 3344 cadaver
933 3290 1043 3365 Aegio,
1070 3290 1123 3346 ubi
1147 3310 1253 3368 supre-

145 3393 231 3430 mum
252 3373 333 3431 diem
358 3376 525 3451 clauserat,
556 3375 721 3452 Sicyonem
742 3374 885 3444 relatum,
915 3371 1078 3450 magnifiee
1099 3375 1253 3450 sepultum

145 3471 207 3517 est:
236 3469 265 3515 et
285 3457 342 3515 hac
364 3461 430 3537 ipsa
449 3461 541 3516 etiam
555 3469 652 3516 aetate
666 3456 823 3516 heroicum
847 3459 910 3514 eius
924 3467 1157 3514 mouumentum
1175 3461 1252 3517 Ara-

144 3761 166 3813 L
182 3693 223 3746 13.
241 3685 280 3744 roi
290 3689 533 3759 πρῶταοοιιί.Κο.
551 3692 682 3746 atoma»
716 3687 789 3814 python
797 3690 1002 3760 snutrctgva.
1020 3685 1251 3754 οὕτωςΕδδτοΙΙ.

168 3779 195 3815 a.
764 3799 771 3813 .

130 3881 139 3901 r
180 3863 223 3916 ιι.
244 3856 379 3930 παρέσχεν
390 3860 430 3912 Μ.
716 3832 795 3967 Agll·
815 3824 955 3897 zacceus
969 3822 1070 3899 ἔειλεν,
1087 3845 1111 3881 ει
1128 3846 1210 3900 super
1224 3830 1269 3899 τ’

179 3948 221 4001 16.
248 3941 335 4001 αὑτὸν
353 3946 602 4066 ΒΡοΑὲΜίοῙικίις
634 3942 683 3999 αὖ·
754 3968 795 4020 18,
820 3960 928 4033 αἰγείου
944 3966 992 4016 Pc.
1012 3960 1153 4032 Αἰγύπτου
1169 3985 1252 4039 marg.
1304 3940 1313 3953 Ι

143 4011 193 4069 τόν
207 4016 259 4099 Va,
274 4008 432 4085 (ί)έαυτδν
467 4016 511 4068 dd.
527 4017 604 4099 rell}
623 4033 682 4069 mox
716 4037 755 4088 Μ,
778 4052 837 4089 mox
866 4029 1008 4103 ἀπέλαβεν
1031 4035 1082 4104 Ag,
1115 4031 1254 4107 ὑπέλαβεν

144 4086 325 4152 Κλεομένους
339 4085 378 4137 Μ.
407 4094 460 4138 tum
472 4082 521 4136 καί
533 4079 561 4148 ἐς
573 4104 605 4138 το
621 4084 683 4137 δια·
717 4106 768 4158 v„

143 4147 236 4222 μένειν
250 4154 300 4207 La.
752 4175 795 4226 19.
814 4167 863 4223 καί
879 4169 1044 4238 κομίσαντες
1060 4172 1098 4224 Μ.
1125 4168 1255 4227 θάπτον-

182 4239 225 4291 16.
249 4236 512 4308 συγκατεργαομένω
534 4241 585 4295 Va.
622 4259 682 4294 mox
714 4257 761 4349 μιν
774 4241 825 4309 Ag.
1109 4240 1112 4244 ’
1146 4334 1153 4351 ἵ
1200 4250 1251 4341 ’γ’
