2872 4846
411 265 498 322 SEU
524 266 613 320 LIB.
635 266 659 320 Ι.
705 261 802 318 CAP.
824 263 916 319 XXX.
1170 261 1233 327 1⁶5

127 428 187 504 τόν
212 427 344 503 κόλπον
362 429 395 476 ¹7
427 429 514 504 εἶδεν
545 427 698 518 ὄνειρον·
741 429 871 501 ἔστιδὲ
896 424 1013 525 κύκνῳ
1038 434 1086 524 τῷ
1112 423 1232 522 όρνιθι
1295 467 1299 471 -

126 542 299 629 μουσικῆς
328 530 432 621 ocgo,
468 528 523 605 ότι
545 528 685 627 Λιγύων
716 538 785 604 νῶν
801 526 991 625 Ἠριδανοῦ
1013 536 1122 625 πίροιν
1143 529 1231 625 ὑπὲρ

96 645 189 733 1γῆς
213 645 275 733 τῆς
296 643 461 732 Κελτικῆς
483 631 626 708 Κύκνον
656 632 766 727 ἄνδρα
789 630 962 725 μουσικόν
988 639 1149 729 γενέσθαι
1174 642 1232 728 βοι-

128 744 221 812 οιλίιι
253 746 359 834 (ruci,
378 739 410 785 ¹⁸
446 736 692 835 τελευτήσοντα
715 740 752 809 di
767 733 978 824 ’Λπόλλωνος
996 734 1113 832 ννοίμρ
1137 766 1233 830 μετο-

127 849 241 936 βολεῖν
264 847 423 937 λέγουσιν
448 837 556 915 αὐτόν
578 847 613 929 ἐς
636 837 697 914 τόν
719 837 856 935 όρνιθοι.
900 837 963 934 ε’γεό
980 843 1017 912 di
1032 848 1232 934 doctissima

126 948 188 1037 μὲν
217 951 384 1036 πείθομαι
408 951 554 1038 Λίγυσιν
569 945 601 991 19
634 941 744 1038 ἄνδρα
769 940 963 1035 μουσικόν,
1013 948 1173 1037 γενέσθαι
1196 948 1234 1015 (λί

128 1078 187 1140 μοι
213 1044 358 1120 durator
387 1043 516 1142 όρνιθοι
549 1042 609 1120 ἄνι’
637 1042 778 1141 όνιλρός.
836 1051 892 1139 (4)
920 1043 1017 1118 Κανὰ
1040 1052 1150 1119 τοῦτο
1171 1054 1268 1144 triga

128 1148 243 1246 χώρας
256 1156 413 1247 φαίνεται
428 1147 565 1245 πύργος
579 1150 617 1196 ²⁰
637 1155 814 1241 Τίμωνος,
840 1143 881 1238 (ig
899 1145 1009 1241 μόνος
1024 1149 1090 1222 εἶδε
1104 1154 1234 1245 μηθένα

128 1250 260 1349 τρόπον
279 1250 467 1344 εὐδαίμονα
491 1253 576 1325 εἶναι
605 1258 765 1348 γενέσθαι
791 1248 880 1348 πλὴν
899 1248 987 1339 νοός
1003 1249 1132 1340 ἄλλους
1149 1250 1236 1348 φεύ-

127 1385 232 1448 γοντα
249 1356 282 1402 21
316 1352 539 1452 ἀνθρώπους.
593 1362 766 1429 δείκνυται
789 1358 826 1428 di
849 1359 906 1426 καί
929 1363 1044 1450 χῶρος
1069 1352 1236 1448 καλούμε-

90 1505 92 1508 <
127 1488 190 1546 νος
210 1454 378 1546 Κολωνός
392 1458 430 1504 22
454 1465 601 1545 ίππειος,
629 1464 715 1532 ἔνθα
731 1452 948 1554 sagittariae
966 1465 1106 1552 πρῶτον
1123 1463 1236 1530 ἐλθεῖν

128 1567 290 1657 λέγουσιν
317 1566 507 1634 Οίιλίποθοι·
550 1557 705 1657 (λιοίφοριι
730 1563 791 1652 μὲν
814 1564 871 1632 καί
892 1566 1062 1655 caritura}
1076 1557 1236 1657 Ὁμήρου

128 1660 286 1759 ποιήσει,
312 1668 453 1760 λέγουσι
466 1659 501 1735 (λ’
527 1650 603 1736 οὖν.
621 1663 658 1710 23
706 1668 762 1735 καὶ
785 1659 904 1756 βωμός
929 1661 1236 1750 ΠοσειδῶνοςἿπ-

128 1771 231 1838 κείου
249 1766 289 1812 ²4
321 1770 379 1838 κοιλ
402 1761 735 1883 'arcaiag-‘Imaus
789 1763 959 1863 ἡρῷον25
991 1768 1028 1838 di
1060 1770 1236 1863 Πειρίθου

131 2017 272 2056 canoram
297 2000 432 2055 maxime
455 2018 543 2055 avem
565 2019 645 2070 esse,
678 1999 769 2077 vulgo
799 1996 937 2056 creditur.
991 1999 1129 2078 Cygnmn
1155 2002 1236 2057 enim
1313 2022 1315 2035 ¹

129 2085 276 2160 Ligurum
295 2081 361 2161 (qui
384 2085 416 2138 in
429 2085 527 2141 Gallia
543 2082 760 2161 Transpadana
776 2083 860 2162 sunt)
881 2103 984 2161 regem
999 2085 1132 2142 Musicae
1148 2085 1238 2143 laude

131 2171 247 2226 clarum
269 2169 363 2226 fuisse
383 2179 568 2242 memorant,
595 2189 740 2247 eumque,
765 2189 859 2246 quum
870 2167 1062 2243 decessisset,
1089 2171 1125 2226 ab
1141 2174 1239 2249 Apol-

130 2255 191 2310 line
213 2257 245 2309 in
272 2255 320 2312 sui
345 2257 477 2312 nominis
500 2274 588 2311 avem
611 2265 772 2311 mutatmn.
816 2257 881 2331 Ego
906 2274 993 2328 vero,
1017 2254 1097 2333 apud
1112 2259 1238 2336 Ligures

131 2359 271 2416 regnasse
292 2341 324 2394 in
339 2341 462 2398 Musicis
483 2341 623 2397 solertem
641 2337 812 2412 hominem,
843 2349 877 2395 ut
903 2339 1041 2415 credam,
1070 2342 1159 2399 facile
1184 2341 1240 2401 ad-

132 2420 201 2479 duci
224 2442 365 2501 possum:
404 2422 458 2481 sed
486 2423 642 2481 hominem
664 2428 696 2480 in
721 2444 808 2481 avem
831 2434 999 2498 mutatum,
1033 2427 1159 2483 minime
1180 2426 1240 2484 fide

132 2506 258 2584 dignmn
283 2506 380 2564 videri
403 2517 512 2586 potest.
555 2504 603 2587 (4)
624 2511 659 2563 In
679 2507 736 2564 hac
768 2511 832 2584 agri
858 2519 943 2585 parte
964 2510 1103 2567 Timonis
1129 2515 1241 2571 eminet

131 2596 242 2666 turris,
273 2593 355 2649 illius
379 2612 505 2671 nempe,
532 2595 584 2670 qui
600 2595 680 2649 solus
697 2595 795 2664 novit,
819 2593 970 2651 felicitatis
986 2605 1157 2671 compotem
1176 2617 1241 2654 esse

131 2698 191 2735 non
213 2697 319 2755 posse,
343 2679 396 2756 qui
408 2677 566 2735 hominum
582 2679 711 2736 aliorum
724 2676 973 2734 consuetudinem
988 2698 1050 2736 uon
1063 2678 1240 2757 defugisset.

132 2763 306 2821 Ostenditur
329 2765 420 2819 etiam
440 2764 542 2835 locus,
565 2782 656 2840 quem
669 2766 849 2841 Equestrem
866 2763 985 2820 Collem
1007 2767 1179 2842 appellant:
1208 2770 1240 2823 in

133 2868 225 2927 quam
242 2850 359 2904 Atticae
384 2858 502 2926 partem
518 2846 666 2924 Oedipum
686 2849 820 2925 primmn
841 2850 959 2905 venisse
979 2849 1097 2923 ferunt,
1130 2856 1181 2930 qni
1202 2852 1241 2909 de

133 2955 169 2992 eo
197 2933 314 2991 diversa
338 2933 381 2990 ab‘
399 2934 525 2991 Homeri
545 2934 725 2990 carminibus
751 2935 917 2989 memoriae
938 2932 1145 3011 prodiderunt.
1196 2940 1241 2994 lbi

134 3030 163 3077 et
183 3021 329 3098 equestris
350 3021 481 3096 Neptuni
510 3029 540 3075 et
565 3022 711 3097 equestris
740 3019 894 3075 Minervae
919 3039 1005 3092 aras,
1041 3039 1075 3076 ac
1103 3021 1240 3096 Pirithoi,

171 3245 213 3296 17.
246 3238 354 3293 κόνπον
382 3240 469 3309 Ath.
510 3235 539 3303 ἐς
562 3244 669 3295 BSmai.
706 3241 1068 3310 CAchMNRVnVabLab3
1107 3249 1153 3300 sed
1174 3250 1197 3301 C
1216 3256 1245 3301 et

135 3312 221 3362 Codd.
241 3305 281 3371 είς
298 3309 509 3363 ΑΧΚΕΟδιοίκ.
531 3312 585 3365 Vb.
610 3329 671 3364 mox
706 3312 792 3364 Codd.
810 3305 861 3378 uia
879 3330 926 3379 pro
943 3308 1047 3378 μέντοι.
1088 3314 1242 3370 Lectionem

134 3381 234 3448 λογίων
248 3379 297 3434 La,
705 3389 837 3449 receptam
855 3380 928 3432 dedit
945 3382 983 3445 S,
1011 3383 1125 3436 adscivit
1141 3385 1174 3436 Β.
1199 3382 1242 3437 λέ-

170 3453 211 3503 18.
233 3446 320 3514 φασίν
332 3448 383 3515 Ag.
399 3463 458 3500 mox
472 3445 582 3516 γνώμην
592 3448 669 3502 idem.
706 3467 784 3518 γουσι
806 3443 836 3500 δ’
861 3443 935 3514 ὅμως
958 3446 1007 3500 καὶ
1032 3445 1124 3517 ἔχουσι
1148 3449 1242 3521 βωμόν

170 3521 212 3570 19.
238 3518 362 3584 λίγουσιν
377 3517 428 3585 Ag.
707 3519 776 3570 coni.
794 3518 817 3569 G
838 3512 930 3586 ἔχουσι
948 3513 977 3569 δ’
999 3508 1049 3570 οὖν
1067 3538 1115 3587 pro
1134 3517 1242 3588 λέγουσι

169 3588 214 3637 20.
233 3587 337 3650 odoror
349 3586 400 3636 Vb.
419 3603 479 3637 mox
496 3578 557 3637 οἶδε
571 3585 670 3658 PdYab
706 3581 735 3639 d'
756 3574 807 3639 οὖν
832 3587 970 3654 legendnm
989 3607 1048 3641 esse
1065 3589 1134 3640 idem
1152 3600 1244 3644 censet

136 3655 180 3705 OS
206 3651 285 3717 (falso
307 3653 380 3703 Cex
398 3652 437 3705 Pc
458 3655 578 3708 enotavit
598 3655 671 3722 otas)
705 3657 733 3708 iu
755 3656 891 3726 supplem.
935 3656 1007 3710 Idem
1023 3675 1070 3709 sen
1086 3653 1196 3725 λέγουσι
1211 3657 1243 3712 d’

135 3717 195 3775 εἷπε
211 3721 280 3774 coni,
299 3722 411 3773 Coraes.
706 3719 778 3777 εἶναι
802 3724 851 3777 καὶ
879 3720 973 3794 βωμόν
995 3726 1079 3778 voluit
1097 3726 1242 3782 Letroune.

171 3793 214 3843 21.
239 3784 395 3857 φεύγοντας
412 3791 462 3858 Ag.
706 3789 815 3860 λέγουσι
833 3783 927 3848 θὀόν.
961 3790 1042 3847 Ἐκεῖ
1060 3790 1152 3864 βωμός
1173 3798 1242 3851 Mei-

169 3860 212 3911 22.
231 3862 348 3918 κολονος
365 3859 423 3922 Va;
444 3856 619 3920 ωιοῖππειος
633 3860 671 3911 Ρο
705 3863 824 3915 neckins.

136 3928 672 4064 21212211λὲλὲθξῗλλῗξι
708 4028 718 4050 .
740 3966 784 4018 ²⁴²·
806 3959 919 4016 frear>
939 3966 1160 4036 petronn-
1190 3974 1243 4022 tum

137 4066 207 4117 Edd.
227 4067 254 4117 N
258 4067 361 4117 Vb.·et
385 4065 424 4117 sic
450 4073 553 4134 postea.
607 4066 672 4117 Mox
706 4031 819 4093 2222222
832 4033 931 4087 Mvab'

138 4127 232 4185 ἐλθεῖν
246 4152 296 4186 om.
315 4134 363 4185 Ρο.
383 4129 526 4199 οἰδήποιλα
542 4135 595 4186 Lb.
741 4135 786 4188 25.
817 4130 916 4202 ἡρεῖον
949 4137 994 4189 Vt.
1038 4144 1092 4191 turn
1117 4139 1243 4206 πνρὺθου

173 4203 217 4254 23.
247 4198 376 4285 διάφορα
402 4198 541 4270 μέντοι-
555 4198 673 4269 ποιήσει,
707 4205 802 4257 RVab.
826 4205 959 4269 πιρείθου
982 4207 1019 4259 Ν.
1055 4208 1203 4275 πειρίθον,
1227 4227 1243 4260 a

140 4265 249 4337 λέγουσι
273 4267 304 4324 δ’
326 4289 377 4324 ονν
395 4269 444 4324 καλ
462 4266 555 4341 βωμόν
572 4272 672 4326 affl
709 4290 763 4329 sec.
784 4291 853 4328 man·
876 4268 890 4324 ό
910 4291 990 4343 super
1009 4294 1025 4329 o
1042 4276 1139 4346 posito,
1157 4278 1207 4330 Lb.
