2872 4846
891 56 982 147 ὡς’)

426 209 512 289 sno
535 215 620 271 nra.
642 217 666 272 r.
710 212 813 270 car.
837 214 931 269 usu.
1191 209 1252 284 tor

148 375 262 451 αὐτοῦ
286 379 627 477 μνῆμαἹππολύτῳ.’
666 384 791 453 τοῦδέ
812 387 849 452 οί
869 386 953 474 βίου
974 377 1070 475 τηνῖ
1094 378 1253 479 τελευτὴν

147 489 320 577 συμβῆναι
350 488 510 580 λέγουσιν
541 489 577 556 ἐκ
605 490 770 578 καταρῶν.
828 489 915 610 diple
946 485 1002 571 δί,
1034 486 1091 554 τιαλ
1120 479 1250 572 όστις3
1303 579 1309 584 ¹

145 582 330 679 βαρβάρων
361 595 519 682 γλῶσσαν
550 593 677 678 ἔμαθεν
695 582 821 681 Ἕλλην
850 615 917 674 ων,
955 580 977 657 ό
1010 613 1044 656 τε
1073 590 1160 679 ἔρως
1188 595 1251 682 τῆς

148 694 304 781 Φαίδρας
324 695 462 786 καὶτῆς
483 697 624 784 τροφοῦ
647 685 686 760 τό
703 688 723 735 4
744 693 779 775 ἐς
800 684 863 783 την
888 692 1067 761 διακονίαν
1084 685 1249 786 τόλμημα.

115 878 117 884 y
145 795 201 882 (2)
221 787 350 862 ’Ἐστι5
381 796 418 863 δὲ
444 798 506 864 ναὶ
531 796 746 887 Τροιζηνίοις
766 788 977 862 Ἱππολύτου
1008 787 1138 885 τάφος·
1184 796 1249 886 ἔχει

144 897 184 964 δί
215 909 337 987 σφισιν
372 884 439 966 ὦδε
471 891 490 965 ὁ
523 891 636 990 λόγος.
702 890 840 989 Θησεύς
868 891 916 980 ὡς
943 897 1075 984 ἔμελλεν
1090 890 1282 980 ’όξεσθαιν

112 1044 114 1048 »
147 1000 322 1089 Φαίδραν,
345 992 412 1068 ούκ
429 1001 576 1085 ἐθέλων,
603 1003 637 1069 εί
649 1002 686 1068 oi
698 996 880 1091 γίνοιντο6
897 1001 1028 1085 παῖδες,
1055 992 1137 1068 ούτε
1152 993 1249 1092 ἄρχε-

144 1105 229 1168 σθαι
249 1095 311 1170 τόν
321 1095 527 1172 Ἱππόλυτον
544 1096 627 1172 ούτε
642 1095 861 1191 βασιλεύειν7
883 1093 952 1170 ἄντ’
967 1092 1100 1188 αὐτῶν,
1126 1102 1250 1191 πέμπει

142 1196 268 1294 παρδι8
303 1207 441 1273 Πιτθέα
475 1197 743 1296 τραφησόμενον
776 1196 886 1272 αύτόν
911 1204 970 1272 καί
998 1195 1249 1293 βασιλεύσοντα

125 1307 345 1397 ,Τροιζῆνος
397 1301 510 1401 χρόνῳ
537 1307 574 1376 δὲ
600 1300 749 1397 ὕστερον
776 1298 951 1389 Ποίλλας9
981 1305 1038 1373 καὶ
1064 1308 1102 1374 oi
1125 1310 1248 1391 παῖδες

141 1408 372 1501 ἐπανέστησαν
396 1413 520 1502 Θησεῖ·
568 1401 723 1492 τούτους
746 1410 879 1490 κτείνας
903 1410 938 1489 ἐς
965 1410 1134 1499 Τροιζῆνα
1158 1410 1247 1500 ἔρχε-

139 1535 194 1577 ται
231 1513 434 1601 καθαρσίων
464 1508 593 1595 ethaeo,
631 1511 689 1578 καί
723 1513 859 1600 Φαίδρα
886 1501 1005 1600 πρώτη
1022 1503 1055 1550 ¹⁰
1093 1510 1248 1579 ἐνταῦθα

141 1608 229 1682 εἶδεν
248 1606 456 1683 Ἱππόλυτον
483 1613 540 1681 καλ
559 1606 600 1681 τό
622 1613 657 1696 ίς
680 1605 742 1681 τόν
760 1604 916 1680 θάνατον
943 1612 1128 1701 ἐρασθεῖσα
1145 1607 1246 1702 ἐβού-

140 1717 249 1783 λευσε.
308 1719 458 1808 μυρσίνη
491 1716 530 1784 δέ
560 1717 630 1783 ἐστι
646 1710 675 1756 ¹¹
713 1715 928 1806 Τροιζηνίοις
961 1705 1002 1780 τὰ
1034 1706 1153 1805 φύλλα
1186 1707 1244 1783 διδ

140 1809 253 1909 πόσης
274 1818 403 1909 ἔχουσα
426 1817 676 1909 τετρυπημένα·
710 1820 823 1909 φῦναι
844 1815 882 1885 δὲ
905 1806 974 1885 οὐκ
995 1810 1030 1899 ἐξ
1052 1807 1161 1914 ἀρχῆς
1181 1809 1244 1887 αύ-

138 2065 219 2128 tum,
241 2074 333 2134 quern
350 2055 422 2113 diris
441 2056 593 2114 confixrun
615 2057 707 2114 evita
723 2061 887 2117 excessisse
906 2067 1084 2116 memorant.
1127 2057 1243 2113 Norunt

138 2152 240 2197 autem
255 2143 304 2198 vel
323 2142 451 2215 barbari,
476 2143 528 2221 qui
541 2144 671 2199 Graecae
689 2145 811 2221 linguae
826 2155 965 2222 expertes
983 2161 1044 2200 non
1063 2150 1142 2213 sunt,
1166 2158 1242 2217 quae

138 2223 175 2281 de
195 2223 352 2283 Phaedrae
382 2246 482 2282 amore
507 2236 536 2283 et
564 2229 688 2284 nutricis
720 2227 827 2286 audaci
851 2228 994 2306 obsequio
1020 2227 1145 2301 vulgata
1164 2233 1243 2280 sunt.

138 2308 185 2389 (2)
208 2313 262 2372 Est
280 2331 351 2368 vero
376 2314 468 2367 etiam
492 2309 573 2388 apud
588 2313 770 2370 Troezenios
783 2313 941 2390 Hippolyti
953 2310 1107 2368 tumrdus:
1131 2307 1244 2386 dequo

137 2392 212 2448 haec
237 2397 296 2470 ipsi
325 2394 528 2451 tradiderunt:
567 2394 739 2469 Theseum,
776 2417 871 2474 quum
896 2394 1067 2452 Phaedram
1100 2392 1244 2449 ducturus

139 2488 233 2549 esset,
256 2480 401 2549 veritum,
424 2499 479 2550 ne,
504 2480 555 2556 qui
574 2482 767 2554 gignerentur
788 2481 890 2551 liberi,
914 2490 965 2535 aut
987 2480 1046 2554 ipsi
1068 2479 1242 2554 Hippolyto,

138 2571 189 2617 aut
206 2562 266 2619 illis
280 2563 464 2639 Hippolytus
480 2564 657 2639 imperaret,
670 2563 717 2623 ‚ob
741 2582 808 2619 eam
829 2583 894 2620 rem
920 2562 1126 2638 Hippolytum·
1144 2562 1243 2616 Troe-

137 2666 242 2701 zenem
267 2645 306 2702 ad
323 2645 478 2702 Pittheum
498 2637 691 2723 amandasse,
713 2657 780 2702 tum
799 2658 833 2703 ut
852 2645 933 2723 apud
947 2647 1038 2702 illum
1055 2643 1242 2717 educaretur,

123 2740 201 2794 ,tum
227 2750 298 2787 vero
322 2741 356 2787 ut
380 2733 412 2786 in
436 2734 500 2787 eius
519 2731 847 2808 regnum'succederet.
886 2732 958 2787 Post
979 2726 1054 2786 haec
1076 2727 1241 2801 Theserun,

136 2835 231 2894 quum
255 2817 427 2872 Pallantem
460 2826 489 2872 et
514 2819 577 2872 eius
603 2817 680 2873 filios
702 2835 749 2872 res
772 2834 866 2872 novas
890 2816 1050 2871 molientes
1074 2811 1241 2885 occidisset,

136 2902 341 2973 Troezcnem,
375 2911 409 2956 ut
435 2899 472 2957 de
494 2899 585 2958 caede
605 2910 799 2978 purgaretur,
830 2901 959 2957 venisse.
1013 2899 1060 2956 lbi
1081 2909 1153 2956 tunc
1174 2899 1242 2975 pri-

135 3005 222 3041 mum
242 2983 399 3042 Phaedrae
423 2986 523 3042 visiun
547 2974 762 3063 Hippolytum:
792 2982 1050 3062 adolescentisque
1071 3002 1180 3041 amora
1193 2985 1243 3038 in-

135 3072 303 3127 sanientem
317 3069 354 3125 de
371 3080 467 3126 morte
487 3070 544 3127 sibi
562 3067 773 3127 consciscenda
793 3070 952 3124 consilium
970 3070 1095 3145 cepisse.
1123 3069 1241 3144 Myrtus

137 3152 233 3211 adhuc
252 3154 333 3231 apud
347 3157 531 3212 Troezenios
557 3153 739 3224 ostenditur,
767 3153 977 3228 perterebratis
992 3152 1127 3232 undique
1148 3153 1240 3209 foliis.

141 3444 143 3447 ,
170 3391 198 3444 2.
216 3382 267 3454 τὴν
278 3396 329 3440 om.
342 3387 381 3444 M.
740 3387 766 3440 7.
792 3383 934 3457 decolletur
951 3383 980 3435 Μ
1011 3353 1167 3452 (βασιλείαν
1185 3400 1241 3435 sec.

169 3459 196 3510 3.
215 3451 252 3518 ὥς
263 3475 304 3518 τις
317 3457 367 3508 La.
386 3461 441 3508 turn
459 3455 513 3526 βαρ
534 3450 612 3522 dour
628 3457 668 3540 ηλ.
705 3456 773 3508 Exc.
795 3455 908 3521 nostra).

136 3521 158 3575 ἕ·
181 3519 321 3590 Ἑλλήνων
347 3525 419 3576 Edd·
447 3525 499 3607 Nl}
526 3526 569 3577 ab·
603 3524 671 3594 poo-
740 3543 766 3593 8.
796 3534 867 3607 πρὸς
889 3538 971 3590 Mva.
1002 3551 1061 3587 mox
1092 3530 1141 3585 καλ
1166 3532 1243 3602 βασι-

136 3592 224 3659 βαρον
244 3595 285 3652 rt.
308 3589 349 3658 ἔμ.
365 3589 445 3658 ἕλλην
467 3611 505 3643 ων
517 3593 670 3660 PoAgVnM
703 3605 821 3663 χεύοντο(
837 3609 875 3659 Μ,

88 3733 91 3736 ·
135 3654 496 3794 [ςὲλλῖἒῗνξὲἰλῖᾖςὲξβῖξςν
510 3662 670 3781 γὲῃὲἣίὲἷ·
739 3698 766 3748 9.
786 3688 878 3753 πύλας
894 3691 954 3744 Ax.
973 3689 1069 3742 deindo
1086 3680 1243 3752 ἀνέστησαν

136 3800 185 3862 λην
206 3788 245 3846 τόν
265 3797 426 3882 peoepimus,
450 3769 504 3850 tuh
534 3791 579 3852 ὅτι
602 3794 672 3867 ἔρως
705 3758 969 3899 ζῖὲρὲΰῗιιὲρκδται
990 3755 1039 3809 καλ
1064 3756 1187 3821 ααθαρπ.
1208 3785 1243 3794 .-

134 3865 327 3986 Afflddhhl?
339 3865 397 4000 ild,
429 3932 503 3987 addit
527 3876 596 3988 man:
615 3951 671 3987 μου,
742 3919 784 3968 10.
808 3915 921 3980 πρῶτον
938 3911 1008 3964 coni.
1027 3911 1060 3962 Β.
1088 3916 1143 3962 turn
1166 3898 1243 3960 οἶδεν

134 4002 260 4069 στροφοῦ
271 4003 321 4054 La.
516 4013 519 4017 ’
707 3984 799 4053 Vbrlg.
819 3981 846 4035 εί
859 3976 890 4036 δὲ
905 3983 955 4033 La.

136 4070 144 4081 “
169 4073 196 4124 5.
217 4067 257 4122 ἔτι
272 4065 304 4121 δὲ
318 4070 441 4122 VnMLb.
464 4088 524 4124 mox
545 4070 673 4139 φαῖδραν
743 4071 786 4120 11.
806 4060 937 4133 ίστινΑς.
950 4071 1005 4116 turn
1019 4057 1118 4132 ἔχοντα
1130 4078 1241 4128 τετρυπ.

135 4139 187 4190 Vb.
207 4141 247 4190 sic
263 4140 341 4192 solet.
706 4136 801 4190 Van.
825 4131 925 4202 ἔχοντα
943 4133 1009 4199 (sic)
1027 4149 1135 4202 osuper
1145 4149 1176 4198 τ·,
1204 4130 1242 4181 hl.

171 4208 198 4260 6.
218 4203 402 4276 ηένοιτολίί).
707 4200 892 4274 τειρνπιμίνα
908 4203 957 4255 La.
