2872 4846
230 287 296 352 462
641 280 932 346 ΑΑΚΩΝΙΚΛ

233 457 325 539 λείας
346 451 403 522 καί
427 443 494 520 ἄντ’
522 441 638 520 αὐτοῦ
660 445 906 543 Κλεόμβροτος
927 451 1001 542 έσχε
1025 442 1088 540 την
1113 443 1224 541 τιμήν.
1239 445 1279 494 ²³
1316 452 1347 519 εί

234 558 295 647 μὲν
317 549 360 649 δη
389 548 409 624 ὃ
431 556 607 637 Λεωνίδας
627 554 786 645 ἐπέτρεψε
810 558 859 649 τῷ
882 559 989 646 θυμῷ
1010 551 1067 620 ναί
1083 546 1282 647 Δημαράτῳ
1298 557 1350 647 τῷ

230 654 432 751 Ἀρίστωνος
450 649 536 725 κατὰ
558 648 668 724 ταύτὰ
690 649 909 749 ἀπεχώρησεν
930 649 1010 748 ἤτοι
1026 647 1120 746 παρὰ
1137 647 1200 725 τδν
1214 657 1251 725 έν
1269 659 1350 724 Μα-

232 763 372 852 κεδονίᾳ
389 756 429 802 2⁴
451 751 681 850 βασιλεύοντα
703 750 808 851 ἣτόν
831 751 1040 850 Αἰγύπτιον,
1068 751 1087 825 δ
1109 756 1147 827 δέ
1166 758 1224 826 καί
1245 783 1350 847 μετα-

233 856 388 959 γνόντων
413 852 456 930 δν
474 864 702 952 Σπαρτιατῶν
725 855 837 931 ὤνατο
858 853 974 930 ούδέν.
1018 863 1087 929 νῦν
1110 859 1148 929 δὲ
1163 853 1349 951 ἐπιβαλόν-

122 960 124 964 ⁴
235 992 305 1036 των
329 968 367 1033 oi
379 988 498 1056 φυγην
514 967 583 1031 τῶν
602 967 752 1034 πολιτῶν
768 956 913 1056 ἀφίκετο
936 964 972 1046 ές
982 955 1173 1054 Ἀρκαδίαν·
1215 964 1351 1032 έκελδεν

236 1069 274 1139 δέ
302 1069 410 1136 ἔτεσιν
424 1058 573 1156 ύστερον
590 1058 636 1134 ού
655 1069 800 1159 πολλοῖς
814 1059 1004 1158 κατάγουσί
1017 1090 1051 1132 τε
1066 1057 1177 1134 αύτδν
1192 1067 1230 1134 οί
1239 1069 1351 1134 Λακε-

201 1162 461 1258 οδαιμόνιοι25
494 1167 552 1235 καί
580 1150 689 1251 αὖθις
716 1169 857 1259 βασιλέα
879 1161 1095 1260 ἐποιήσαντο.
1159 1169 1215 1258 (5)
1239 1171 1350 1236 Κλεο-

238 1273 330 1362 μένει
345 1268 381 1352 26,
407 1269 444 1339 δὲ
470 1274 518 1363 τῷ
547 1272 728 1341 Λεωνίδου
750 1264 852 1362 τότε
878 1265 964 1340 ἄλλα
985 1263 1090 1338 ὁποῖα
1104 1266 1142 1313 ²⁷
1165 1271 1201 1354 ές
1215 1264 1351 1359 τόλμαν

240 1369 335 1464 ὁμοῦ
358 1373 414 1441 καί
437 1364 580 1461 ἀνδρίαν
601 1365 751 1466 ὑπῆρξε,
777 1373 835 1442 καί
858 1367 906 1457 ὡς
928 1365 1124 1442 ἐπαύσαντο
1156 1368 1191 1456 έξ
1211 1374 1350 1442 ἐκείνου

241 1481 457 1566 Σπαρτιᾶται
487 1469 767 1565 βασιλευόμενοι,
800 1469 972 1568 πρότερον
995 1476 1044 1542 έτι
1066 1469 1216 1567 ἐδήλωσέ
1231 1500 1294 1564 μοι
1308 1469 1352 1543 τὰ

241 1583 276 1665 ές
300 1572 362 1649 τδν
381 1570 579 1648 Σικυώνιον
592 1572 741 1670 Ἲίρατον.
806 1570 1057 1669 προεπελόιβετο
1071 1575 1109 1622 2⁸
1138 1576 1175 1646 δέ
1198 1571 1219 1645 ὃ
1242 1570 1352 1668 λόγος

240 1708 300 1772 μοι
326 1682 382 1750 καί
413 1673 546 1770 τρόπον
569 1671 688 1750 δντινα
710 1683 745 1751 ἐν
770 1674 932 1774 Αἰγύπτῳ
956 1681 1153 1773 Κλεομένης
1177 1673 1351 1772 ἐτελεύτη-

241 1799 308 1854 σεν.
322 1781 359 1827 ²9
408 1784 535 1875 γένους
551 1780 612 1870 μέν
628 1777 671 1875 δη
690 1789 757 1853 τοῦ
773 1777 1053 1875 Εὐρυσθένους,
1078 1783 1305 1871 καλουμένων
1312 1780 1350 1826 3⁰

240 1887 278 1956 δὲ
305 1880 485 1976 Ἀγιαδῶν,
525 1887 722 1977 Κλεομένης
754 1881 774 1956 ὁ
801 1888 981 1955 Λεωνίδου
1016 1877 1179 1976 βασιλεύς
1196 1877 1352 1969 ύστατος

241 1989 373 2081 ἐγένετο
391 1988 427 2055 ἐν
443 1978 599 2078 Σπάρτη.
1124 1993 1127 1999 “

241 2174 378 2233 abdicare
410 2182 529 2228 coactus
563 2182 657 2247 esset,
706 2173 737 2228 in
770 2175 834 2231 eius
870 2176 972 2231 locum
994 2170 1203 2229 Cleombrotus
1227 2171 1350 2229 invasit.

239 2258 325 2332 Quod
348 2261 374 2315 si
397 2258 490 2313 animi
508 2277 580 2334 prae
596 2259 639 2313 ira
659 2258 808 2335 impotens
824 2258 975 2316 Leonidas
992 2258 1114 2330 fuisset,
1139 2276 1190 2331 ac,
1220 2264 1255 2312 ut
1275 2258 1351 2312 olim

239 2347 419 2399 Demaratus
443 2343 592 2398 Aristonis
623 2342 718 2415 filius,
760 2344 809 2400 vel
840 2343 878 2399 ad
900 2340 1115 2416 Macedonum,
1150 2344 1201 2398 vel
1228 2339 1265 2396 ad
1286 2343 1352 2397 Ae-

240 2429 415 2508 gyptiorum
440 2444 543 2502 regern
565 2427 767 2502 confugisset,
798 2425 877 2484 nihil
902 2447 973 2484 eum
994 2428 1132 2500 omnino,
1172 2424 1254 2504 quod
1276 2426 1351 2483 facti

240 2523 345 2592 postea
376 2511 538 2588 Spartanos
565 2512 764 2587 poenituerit,
801 2514 935 2570 iuvisset.
990 2513 1077 2567 Nunc
1100 2531 1171 2568 vero
1205 2529 1301 2589 quum
1333 2530 1351 2566 a

241 2599 356 2655 civibus
385 2598 447 2653 suls
474 2617 490 2652 e
513 2597 609 2672 patria
634 2596 738 2672 pulsus
761 2598 792 2652 in
813 2595 975 2653 Arcadiam
1002 2596 1088 2651 exilii
1116 2614 1206 2653 causa
1229 2595 1349 2669 abisset,

239 2702 300 2741 non
324 2685 367 2739 ita
387 2683 500 2737 multis
515 2690 583 2758 post
613 2682 698 2742 annis
719 2681 756 2736 ab
778 2680 889 2738 iisdem
912 2682 944 2736 in
961 2683 1108 2758 patriam,
1138 2691 1168 2736 et
1189 2681 1352 2757 pristinum

177 2810 186 2830 ,
241 2770 333 2825 etiam
351 2785 479 2842 regnum
495 2774 649 2821 revocatus
664 2775 719 2822 est.
764 2762 811 2845 (5)
834 2768 879 2822 De
894 2766 1064 2824 Cleomenis
1079 2774 1181 2821 autem
1198 2763 1351 2822 Leonidae

147 2909 150 2916 ,
240 2852 297 2909 filii
328 2849 453 2907 audacia
482 2858 511 2904 et
537 2850 630 2904 animi
655 2850 882 2926 magnitudine,
924 2860 953 2906 et
976 2847 1235 2927 quemadmodum
1260 2851 1293 2905 in
1316 2870 1351 2906 eo

241 2935 385 2993 defecerit
413 2931 722 2990 Lacedaemoniorum
744 2954 888 3012 regnum,
919 2953 1021 3012 quum
1044 2934 1081 2991 de
1110 2936 1194 2991 Arati
1215 2934 1353 3010 Sicyonii

241 3019 333 3077 rebus
348 3019 440 3094 gestis
459 3036 626 3094 ageremus,
646 3017 761 3075 affatim
772 3021 868 3076 multa
884 3016 1028 3076 diximus.
1072 3020 1262 3076 Narravimus
1276 3037 1351 3076 vero

242 3105 274 3162 in
297 3103 497 3181 superioribus
521 3104 612 3159 etiam
634 3122 766 3182 quonam
787 3105 892 3163 mortis
910 3123 1019 3182 genere
1037 3105 1069 3159 in
1091 3108 1228 3183 Aegypto
1248 3123 1263 3158 e
1285 3105 1351 3159 vita

242 3190 414 3247 excesserit.
458 3190 507 3244 Ex
517 3186 715 3267 Eurysthenis
732 3191 825 3268 igitur
842 3198 931 3266 gente
949 3207 1055 3265 regum
1074 3208 1187 3263 eorum¹
1208 3189 1261 3267 qui
1274 3190 1352 3265 Agi-

243 3272 300 3331 dae
318 3284 388 3332 sunt
405 3273 563 3350 appellati,
585 3284 755 3351 postremus
771 3275 948 3332 Cleomenes
968 3270 1121 3331 Leonidae
1139 3274 1220 3331 filius
1238 3274 1307 3329 fuit.

278 3440 319 3494 23.
328 3432 473 3507 ἀρχέγονα.
482 3436 546 3490 Mox
555 3429 667 3504 έπέστρε
693 3439 779 3507 evAg.
813 3434 917 3505 τόλμαν
940 3437 976 3490 R.
1002 3455 1063 3490 mox
1084 3431 1206 3502 ἀνδρίαν
1227 3437 1351 3505 SBAch

237 3535 242 3542 ·
277 3509 321 3562 24.
339 3506 501 3576 μακεδωνίᾳ
517 3506 569 3560 Vb.
592 3526 652 3560 mox
667 3448 782 3577 Κπιβαλ·
814 3508 873 3571 Vb;
892 3502 1027 3573 ἀνδρείαν
1044 3505 1287 3574 ammonas.
1301 3501 1352 3558 ἄν·

243 3569 351 3629 λόντων
362 3576 542 3628 PcMVaLab.
807 3575 895 3643 δρεία
905 3570 1011 3642 ὑπῆρξε
1023 3576 1074 3627 Va.
1092 3569 1216 3642 ὑπῆρξεν
1226 3575 1298 3628 Εδδ.
1312 3575 1352 3626 Po

277 3644 322 3699 25.
347 3640 377 3696 oi
398 3646 460 3696 ίαν.
481 3644 533 3696 Va.
565 3642 701 3697 articulum
729 3661 780 3696 our.
815 3645 967 3713 AngLab.
986 3652 1041 3697 tum
1052 3637 1194 3696 ἐπαύσατο
1212 3644 1262 3696 La.

242 3712 301 3768 rell.
336 3704 575 3780 Τοωέποιήσατο,
597 3731 614 3766 ν
626 3729 707 3783 supra
719 3730 781 3765 ver·
851 3716 894 3768 28.
913 3707 1119 3781 προεπελιίβετο
1138 3731 1153 3765 a
1169 3713 1239 3766 coni.
1252 3727 1353 3778 προσε-

243 3800 317 3849 sum,
340 3781 381 3834 Μ.
815 3777 915 3851 πελάβ.
928 3781 1000 3833 Edd.
1013 3780 1100 3834 eodd.

277 3853 321 3906 26.
340 3843 531 3936 νλεομένιΑς.
550 3843 722 3919 circuirem
735 3866 780 3902 su·
852 3851 896 3903 29.
929 3842 1085 3914 ἐτελεύτησε
1115 3849 1148 3899 O.
1185 3840 1302 3926 έτείεύγ.
1316 3876 1353 3886 -

205 3952 207 3957 -
243 3918 616 3988 μετω)Κίι.ιιλεωμενειΙπι.
816 3918 952 3971 λεωνίδον
972 3935 1023 3971 om.
1038 3917 1078 3970 Μ.
1107 3945 1143 3955 -
1169 3915 1236 3983 Sqq.
1252 3929 1354 3980 γενους

277 3989 322 4040 27.
357 3983 476 4041 ὁποι...
513 3987 646 4056 (rasura)
675 3979 782 4052 τόλμαν
815 3983 867 4056 μὲν
880 4004 907 4038 κ.
919 4005 945 4039 τ.
959 3988 984 4038 λ.
1003 3983 1086 4054 capiti
1098 3982 1161 4037 VII.
1198 3982 1305 4051 raefigit
1317 3984 1351 4039 B.

246 4047 399 4124 ἐτόλμησαν
410 4051 542 4124 duosve.
569 4050 656 4107 ὁποῖα
676 4048 704 4117 ές
720 4049 782 4107 τόλ-
850 4056 894 4109 30.
912 4051 1084 4122 καλούμενον
1091 4053 1144 4107 Vb.
1159 4046 1168 4068 ’
1185 4048 1290 4121 γιοίδων
1301 4051 1352 4105 ΑΚ

246 4139 302 4190 μαν
324 4118 477 4192 ἐτόλμησαν
494 4121 566 4193 ὁμοῦ
586 4126 637 4177 La.
664 4115 783 4190 δτόλμαν
816 4123 971 4177 KVebLab.
991 4114 1139 4189 πλεομένης
1150 4121 1202 4191 Ag.
1220 4115 1354 4190 λεομένης

246 4190 297 4261 Ag.
316 4185 469 4262 ἐτόλμησαν
487 4195 568 4260 RLb3
599 4208 681 4261 marg.
697 4210 739 4261 γρ.
755 4185 785 4255 ἐς
817 4192 869 4246 Lb.
887 4190 1081 4256 ieovldovLa.
