2872 4846
179 258 307 319 xxvm
548 253 954 316 PRAEFATIO.

29 482 32 489 -
58 442 61 447 '
179 439 231 500 ter
242 437 353 521 petere
368 449 554 521 possumus3
586 429 614 496 B
633 429 651 499 l
668 432 754 497 enim
766 429 816 496 88
829 449 944 496 versus
958 427 1225 517 complectebatur
1242 448 1323 515 qua-

179 533 229 598 les
243 535 363 600 suntin
377 531 606 624 ed.Bekkeri‚
632 532 661 599 B
679 535 701 600 2
714 552 828 601 versus
842 532 911 622 86,
938 531 1022 598 unde
1041 528 1144 598 forma
1165 530 1275 595 maiori
1291 539 1325 598 et

179 634 338 724 scriptura
357 656 449 723 quam
469 642 586 703 vocant
608 633 783 703 minuscula
803 641 970 703 exaratum
990 633 1091 700 fuisse
1112 631 1266 701 Codicem
1287 632 1324 698 X

179 736 333 826 probabili
348 739 624 826 argumentatione
639 737 865 806 concludimus.
917 735 996 802 Alia
1009 735 1127 803 codicis
1142 735 1194 800 Va
1206 735 1324 807 lacuna

179 839 227 929 Χ,
241 837 304 928 36,
319 837 457 926 5llsque
470 861 498 906 o.
513 836 575 929 38,
590 840 626 906 6.
642 840 788 926 εἶναιγὰρ
803 841 856 904 τὸν
871 840 1030 926 ἅντικυρέα
1050 843 1080 914 ἐς
1095 839 1129 903 τὰ
1147 840 1322 921 ἀκριβέστε-

178 968 232 1028 ρον
245 946 333 1025 τῆξαι
347 948 394 1006 ul.
411 942 525 1010 eodem
538 939 608 1008 fere
620 943 723 1034 redit,
752 949 840 1010 certe
860 940 945 1008 haud
965 944 1010 1009 ita
1028 961 1146 1029 magna
1162 948 1211 1008 est
1226 939 1322 1004 diffe-

176 1044 299 1131 rentia3
326 1043 515 1113 exciderunt
529 1045 613 1111 enim
625 1067 740 1114 versus
757 1043 831 1112 140
846 1044 993 1112 editionis
1007 1042 1246 1131 Belikerianae‚
1269 1044 1320 1128 qui

174 1146 208 1213 in
229 1145 309 1212 duas
330 1148 466 1237 paginas
486 1145 643 1216 distributi
664 1168 728 1214 non
748 1146 873 1235 quidem
894 1147 1020 1214 omnino
1045 1145 1235 1213 conveniunt
1251 1165 1321 1210 cum

176 1267 307 1315 numero
326 1268 479 1315 versuum
497 1250 530 1314 in
550 1251 679 1339 paginis
701 1248 768 1317 folii
787 1269 885 1338 supra
911 1248 1078 1336 descripti3
1116 1255 1148 1315 at
1172 1247 1320 1312 librarios

77 1354 80 1359 ’
150 1356 156 1365 “
176 1352 363 1441 pergameni
375 1358 409 1419 et
422 1351 553 1418 chartae
565 1354 748 1442 parciores,
774 1372 890 1418 versus
902 1350 997 1417 linem
1008 1350 1160 1417 librorum
1173 1349 1224 1415 ubi
1238 1368 1321 1434 sup-

87 1508 90 1515 .
176 1459 289 1541 petere
308 1453 450 1522 chartam
468 1452 579 1522 vident
598 1473 671 1520 esse
694 1452 892 1542 profusiores
914 1474 978 1521 non
999 1473 1073 1519 raro
1090 1450 1321 1517 animadverti-

175 1576 259 1646 mus,
285 1555 369 1623 unde
382 1557 572 1644 scripturam
584 1557 616 1621 in
630 1558 749 1625 ultimis
765 1553 896 1624 Codicis
910 1557 946 1622 X
960 1553 1046 1623 foliis
1061 1555 1163 1620 minus
1177 1571 1322 1641 pressam
1398 1642 1401 1648 Ι

174 1655 279 1723 luisse
297 1657 384 1723 haud
403 1659 510 1747 inepte
528 1659 605 1727 licet
625 1660 802 1748 suspicari3
828 1659 938 1744 quibus
960 1656 1084 1724 accedit
1103 1655 1186 1744 quod
1205 1657 1237 1720 in
1256 1653 1319 1718 illis

179 1756 254 1825 140
274 1759 419 1826 versibus
441 1766 590 1847 quattuor
607 1761 742 1828 lacunae
763 1760 942 1828 indicantur
961 1762 993 1825 in
1008 1759 1146 1826 editione
1160 1755 1317 1822 Bekkeri.

135 1908 136 1912 η
178 1896 226 1909 -·-
241 1858 403 1928 Versuum
414 1860 660 1953 longitudinem,
692 1884 784 1951 quam
798 1864 836 1929 ob
851 1863 982 1928 lacunas
996 1859 1192 1950 explendas,
1220 1880 1319 1926 accu-

175 1963 277 2031 ratius
290 1983 489 2052 cognoscere
500 1966 687 2053 praeprimis
701 1965 843 2054 expedit‚
863 1966 941 2032 satis
955 1972 1024 2034 tuto
1037 1965 1075 2029 iis
1089 1964 1212 2028 lacunis
1227 1981 1319 2027 eme-

175 2066 228 2133 tiri
240 2085 408 2155 possumus
422 2067 474 2133 ubi
487 2065 645 2132 excidisse
658 2087 788 2133 versum
799 2065 970 2154 probabilis
985 2075 1036 2136 est
1048 2067 1243 2154 coniectura,
1257 2085 1319 2150 qua

173 2167 209 2233 in
229 2185 286 2258 re,
312 2169 501 2257 praesertim
518 2168 551 2233 in
572 2170 731 2257 scriptura
750 2168 1133 2260 compendiariapneque
1153 2187 1318 2233 numerum

175 2276 373 2338 constantem
392 2290 467 2337 esse
486 2270 736 2360 exspectandum
753 2290 857 2357 neque
876 2272 1000 2339 omuino
1022 2270 1061 2336 ad
1080 2270 1242 2338 literulam
1256 2290 1317 2336 us-

174 2391 237 2458 que
250 2390 319 2439 rem
334 2391 407 2438 esse
422 2372 640 2440 extricandam
654 2393 717 2440 non
737 2380 788 2441 est
801 2371 885 2458 quod
897 2392 1092 2440 moneamus.
1144 2373 1172 2459 1,
1195 2371 1256 2462 28,
1282 2371 1315 2436 1.

173 2471 222 2540 Μ.
237 2473 352 2542 Omittit
363 2475 463 2539 verba
473 2473 685 2556 βουλεύσαντα
697 2495 797 2560 usque
810 2477 923 2558 ἐγένετο
938 2477 1013 2557 οὐκ,
1041 2496 1134 2562 quum
1150 2475 1239 2539 nulla
1254 2474 1317 2538 alla

98 2596 101 2603 ·
173 2576 354 2644 omissionis
368 2595 466 2641 causa
479 2575 562 2643 adsit
574 2575 721 2641 librarius
738 2595 758 2639 a
771 2577 872 2663 primo
887 2597 985 2643 versu
1000 2576 1040 2640 ad
1054 2579 1183 2644 tertium
1197 2578 1315 2642 omisso

171 2675 314 2744 secundo
338 2677 506 2743 aberrasse
528 2677 686 2766 putandus
709 2684 779 2763 est3
804 2677 916 2746 habuit
937 2680 1037 2766 igitur
1056 2677 1108 2742 hic
1129 2697 1243 2742 versus
1267 2677 1315 2744 74

171 2779 283 2848 literas
309 2813 356 2828 ·-
375 2778 421 2867 Π,
442 2777 505 2871 36,
528 2779 562 2844 2.
582 2778 629 2846 Μ.
650 2779 765 2848 omittit
785 2776 801 2842 ὃ
819 2780 891 2854 ναὸς
900 2779 1021 2843 Hadid.
1039 2817 1077 2827 -
1097 2782 1176 2863 ἐκτρ.
1195 2781 1226 2841 ἐκ
1243 2785 1297 2860 τῆς
1304 2808 1315 2860 ‚·

172 2879 332 2948 excidisse
353 2901 482 2947 versum
503 2899 596 2949 nemo
619 2879 714 2946 facile
733 2878 885 2949 dubitabit
891 2903 902 2968 3
929 2880 1039 2950 habuit
1058 2879 1107 2946 63
1128 2881 1251 2949 literas.
1267 2918 1313 2928 -

170 2981 220 3072 Χ,
237 2981 296 3073 19,
313 2982 347 3051 7.
360 2981 410 3049 Μ.
428 2985 474 3050 sic
487 2984 584 3052 habet
597 2983 664 3048 τότε
681 2984 782 3067 igunae
800 2986 853 3048 τὸν
864 2982 1035 3068 Ἆντιόχου;
1063 2983 1220 3050 excidisse
1235 3004 1315 3049 ver-

170 3106 242 3154 sum
255 3092 288 3154 et
301 3085 403 3167 ἴχονσε
415 3083 548 3153 duorum
559 3087 728 3153 verborum
742 3087 905 3154 continere
917 3085 1101 3177 fragmenta
1112 3085 1315 3156 manifestum

170 3194 233 3257 est.
284 3187 323 3256 ln
338 3183 422 3257 (lod.
435 3186 472 3255 X
483 3190 530 3255 sic
544 3189 696 3278 scriptum
711 3185 838 3258 fuerat:

556 3337 696 3356 ........
706 3291 783 3378 πρὸς
796 3294 991 3372 Πτολεμαῖον
1003 3295 1131 3375 κατέστη
1145 3291 1212 3358 τότε
1228 3293 1313 3376 ἕχον-

168 3418 209 3458 τα
223 3390 278 3475 τὴν
292 3389 467 3474 praesidatus
481 3397 660 3475 βασιλείαν.
678 3396 871 3472 Πτολεμαῖος
895 3395 928 3456 dd
950 3387 987 3476 ἦν
1011 3386 1099 3469 οὗτος
1118 3393 1152 3468 ὃς
1173 3396 1313 3458 edievam

150 3542 152 3546 .
169 3492 354 3581 ἔδολοφόνη-
367 3491 380 3588 Ι
395 3519 429 3558 σε
444 3494 497 3559 τὸν
511 3492 685 3576 ἀντιόχουν..
697 3541 724 3558 ..
741 3485 789 3582 *J

168 3593 333 3688 Librarius
354 3596 392 3662 ab
414 3595 481 3677 ἔχον
496 3633 543 3644 -
558 3597 718 3666 aberravit
732 3595 773 3662 ad
787 3630 835 3644 -·
850 3620 901 3674 σε,
926 3614 1024 3663 versu
1046 3596 1151 3665 medio
1174 3598 1310 3686 omiss03

168 3696 277 3767 lrabuit
289 3698 402 3766 literas
416 3696 477 3764 63.
499 3735 548 3746 -
567 3699 761 3789 Exemplum
777 3699 940 3788 geminum
960 3697 1111 3765 habemus
1131 3698 1179 3789 Χ,
1197 3700 1257 3791 26,
1272 3700 1308 3766 8.

168 3797 360 3879 ,Ἑλικάονος
374 3837 421 3848 -
435 3803 578 3884 γενέσθαι
595 3822 662 3889 om.
676 3799 782 3888 Μῦες.
797 3800 915 3888 {lopiac
930 3820 987 3889 pro
1003 3804 1164 3888 Εὐφορίων
1175 3798 1310 3890 Most-‘⁴

168 3898 310 3990 Sienel.;
336 3901 479 3970 minime!
533 3903 572 3971 ln
585 3901 707 3972 Codice
720 3903 757 3971 X
770 3905 817 3971 sic
829 3911 900 3972 erat
912 3904 1081 3992 scriptum:

235 4099 262 4167 *)
281 4096 371 4151 Liueis
386 4099 490 4166 erectis,
510 4098 607 4182 quibus
620 4100 704 4153 verba
718 4097 809 4166 incidi,
826 4098 990 4152 indicaturus
1008 4114 1078 4149 eram
1096 4097 1174 4148 finem
1188 4110 1310 4146 versuum

166 4168 195 4224 iu
212 4169 315 4224 codice.
350 4166 467 4234 Paginae
484 4186 554 4223 euim
570 4169 662 4223 medus
680 4175 802 4221 accurata
819 4167 917 4223 codicis
933 4166 1135 4290 imitppionphnpe
1147 4162 1291 4234 prohibuit.

555 4254 558 4261 ·
1012 4251 1063 4304 ppo
1094 4252 1147 4288 ea.

619 4480 678 4565 ‚p
