2872 4846
204 198 293 339 aim
608 269 961 333 ΚΟΡΙΝΘΙΑΚΑ

229 435 383 537 αὐτόθεν
403 432 486 534 γὰρ,
520 433 626 509 ὁπότε
641 432 851 529 γυμνάζοιτο
869 431 1121 526 ὃἹππόλυτος,
1147 432 1347 531 ἀπέβλεπεν

228 534 392 635 έςαότόν
406 544 520 635 έρῶσα
534 537 567 585 ¹³
591 536 613 636 ή
639 544 786 635 Φαίδρα.
842 543 999 612 ἐνταῦθα
1017 544 1066 612 ἔτι
1084 534 1238 635 πεφύκει
1252 538 1293 586 14
1318 539 1346 638 ἡ

226 648 379 742 μυρσίνη
412 638 454 717 τοί
479 637 616 737 φύλλα,
653 638 703 731 ὡς
729 645 787 713 καλ
814 637 987 737 πρότερον
1017 646 1167 738 ἔγραψα,
1203 647 1343 738 ἔχουσα

16 830 27 847 1,
80 822 85 845 Ι,
226 750 478 843 τετρυπημένα·
530 747 588 817 καὶ
613 741 715 841 ἡνίκα
740 740 904 841 ἠπορεῖτο
928 742 951 842 ή
978 750 1115 839 Φαίδρα
1129 744 1162 793 ¹5
1191 749 1250 816 καί
1276 750 1342 842 ργ-

48 840 72 885 ”’“
157 844 160 849 ’
228 845 362 947 στοίνην
376 855 425 947 τῷ
448 852 548 942 ἔρωτι
561 842 731 940 οὐδεμίαν
747 843 930 944 εὕρισκεν,
956 844 1140 943 ές-ταύτης
1156 844 1197 920 cci
1212 844 1342 944 φύλλα
1391 843 1399 856 “

191 972 210 1027 l
228 947 428 1046 ἐσιναμώρει
445 950 478 998 ¹⁶
501 957 564 1046 τής
578 956 759 1047 μυρσίνης.
812 951 935 1024 ἔστιδὲ
958 955 1016 1023 καί
1032 948 1148 1046 τάφος
1165 956 1342 1047 Φαίδρας,

228 1051 342 1152 ἀπέχει
365 1057 402 1127 dl
424 1048 471 1126 ού
494 1048 588 1126 πολύ
605 1059 672 1126 τού
689 1050 902 1127 Ἱππολύτου
925 1049 1122 1148 μνήματος,
1162 1050 1201 1126 τό
1226 1056 1265 1126 di
1289 1052 1341 1128 ού

110 1158 116 1167 ’
227 1155 349 1253 πόρρω
359 1156 393 1204 ¹⁷
418 1159 585 1252 κέχωσται
607 1163 669 1252 τής
692 1160 874 1252 μυρσίνης.
924 1163 992 1229 τοῦ
1011 1159 1049 1229 di
1064 1153 1273 1252 Ἀσκληπιοῦ
1296 1155 1341 1232 τό
1379 1156 1383 1161 ’

228 1258 362 1356 ι’ίγαλμα
383 1264 520 1356 ἐποίησε
542 1259 604 1351 μὲν
625 1256 818 1351 Τιμόθεος,
851 1255 1047 1356 Τροιζήνιοι
1071 1262 1108 1332 δέ
1123 1256 1341 1357 ούκἏσκλη-
1398 1290 1406 1311 ¹

228 1358 313 1437 πιόν
347 1357 430 1434 ἇλλόι
459 1358 575 1440 εἰκόνα
601 1357 820 1435 Ἱππολύτου
849 1366 958 1456 φασίν
982 1361 1077 1435 εἶναι.
1136 1366 1194 1434 καί
1222 1369 1341 1437 οἰκίαν

230 1461 316 1540 idcio
333 1466 412 1563 οίόα
428 1460 656 1539 Ἱππολύτου·
709 1461 778 1561 πρό
795 1467 832 1537 δὲ
849 1460 959 1561 αύτής
975 1464 1067 1538 ἐστίν
1080 1461 1293 1558 Ἧρόικλειος
1303 1467 1339 1516 ¹⁸

229 1573 425 1665 καλουμένη
444 1565 564 1665 κρήνη,
591 1562 631 1640 τό
646 1562 758 1663 ύιλωρ,
786 1564 834 1656 ὡς
851 1573 889 1639 oi
908 1564 1105 1663 Τροιζήνιοι
1120 1571 1294 1663 λέγουσιν,
1303 1569 1338 1617 ¹⁹
1404 1625 1407 1629 -

83 1675 88 1683 '
193 1667 442 1769 σόνεαρόντος
460 1668 684 1766 Ἡρακλέους.
742 1675 799 1765 (4)
830 1665 891 1743 Ἐν
918 1672 955 1742 (λέ
987 1678 1030 1765 τῇ
1057 1666 1245 1766 ἀκροπόλει
1271 1680 1339 1768 τῆς

229 1772 428 1863 Σθενιάδος
446 1776 663 1868 καλουμένης
682 1770 769 1862 ναός
791 1776 883 1846 ἐστιν
899 1768 1051 1868 Ἀθηνᾶς
1104 1770 1192 1848 αύτὸ
1213 1777 1252 1847 dl
1267 1781 1338 1866 εἰρ-

227 1873 356 1973 γοίσατο
371 1884 434 1971 τῆς
453 1883 545 1948 θεοῦ
563 1871 604 1947 τό
629 1871 756 1962 ξόανον
770 1872 916 1947 Κάλλων
934 1873 1123 1973 Αἰγινήτης.
1134 1876 1174 1925 ²⁰
1218 1886 1337 1974 μαθη-

227 1975 290 2076 τής
305 1982 343 2052 δέ
360 1975 380 2051 ὃ
398 1974 545 2051 Κύλλων
556 1965 600 2074 ἦν
619 1983 789 2051 Τεκταίου
806 1981 864 2051 καί
885 1974 1116 2074 Ἀγγελίωνος,
1138 1986 1174 2053 οἳ
1187 1985 1338 2078 Δηλίοις

225 2203 297 2263 inde
311 2205 393 2262 enim
400 2201 539 2262 Phaedra
554 2203 586 2261 in
594 2203 804 2283 Hippolytum,
820 2203 847 2264 si
863 2201 984 2284 quando
1000 2223 1033 2262 se
1047 2205 1079 2261 in
1095 2201 1192 2264 stadio
1206 2223 1337 2263 exerce-

226 2301 281 2363 ret,
307 2289 500 2368 despectabat
515 2309 617 2348 amore
633 2301 729 2368 capta.
770 2293 826 2349 Eat
839 2288 890 2347 hio
908 2289 1005 2369 (quod
1020 2290 1115 2346 multo
1129 2301 1197 2346 ante
1212 2293 1337 2369 scripsi)

225 2385 342 2454 myrtus
365 2375 420 2430 illa
444 2376 654 2452 perterebratis
690 2376 790 2448 foliis,
825 2373 908 2454 quod
930 2394 1031 2433 amore
1058 2377 1161 2432 furens
1183 2373 1336 2452 Phaedra,
1420 2422 1423 2429 .

225 2480 322 2542 quum
336 2461 455 2543 nullam
469 2461 550 2518 malo
563 2462 746 2518 levationem
758 2461 891 2518 nancisci
903 2471 1018 2537 posset,
1042 2460 1153 2516 crinali
1167 2481 1226 2517 acu
1239 2458 1335 2521 huius

225 2549 318 2627 myrti
338 2547 412 2605 folia
432 2546 627 2623 transfigens,
653 2545 800 2603 insaniam
820 2565 907 2603 suam
922 2545 1100 2603 oblectabat.
1143 2548 1199 2603 Est
1217 2545 1337 2606 ibidem

224 2630 381 2691 Phaedrae
403 2635 592 2710 sepulcrum,
626 2631 706 2711 qpod
724 2652 786 2690 non
801 2633 892 2708 longe
908 2632 944 2687 ab
963 2632 1120 2709 Hippolyti
1133 2643 1334 2692 monumento

225 2718 331 2776 abest:
362 2715 442 2773 illud
463 2737 534 2775 vero
557 2719 696 2793 proximo
710 2727 811 2794 myrto
831 2718 890 2795 ipsi
908 2717 976 2775 loco
994 2718 1115 2781 eminet.
1158 2719 1335 2798 Aesculapii

148 2856 151 2860 .
225 2805 353 2880 signum
371 2803 443 2859 lecit
465 2799 589 2881 quidem
609 2799 808 2875 Timotheus,
835 2821 943 2859 verum
958 2801 1119 2859 Troezenii
1133 2822 1194 2858 non
1215 2803 1335 2861 Aescu-

224 2888 300 2964 lapii
329 2905 413 2958 eam,
451 2885 505 2943 sed
527 2886 684 2963 Hippolyti
705 2886 838 2963 effigiem
859 2906 924 2944 esse
946 2896 1113 2944 autumant.
1173 2889 1335 2968 Hippolyti

135 2994 142 3010 ¹
225 2980 305 3028 certe
323 2968 448 3027 domum
461 2971 526 3047 ipse
544 2969 616 3025 vidi.
660 2971 739 3026 Ante
756 2991 823 3027 eam
842 2971 976 3048 effigiem
995 2972 1064 3030 fona
1086 2980 1146 3044 est,
1177 2976 1230 3050 qui
1251 2977 1333 3032 Her-

224 3058 332 3135 culeus¹
349 3052 475 3129 dicitur,
503 3053 584 3134 quod
606 3072 718 3134 aquam
737 3057 825 3112 illam
843 3057 889 3114 ab.
903 3057 1031 3114 Hercule
1052 3059 1207 3114 inventam
1231 3060 1332 3118 Troe-

223 3142 302 3200 zenii
329 3151 510 3198 memorant.
553 3137 601 3220 (4)
631 3143 667 3197 ln
690 3161 757 3199 arce
780 3139 940 3199 delubrum
966 3150 1011 3199 est
1035 3143 1203 3215 Minervae,
1237 3163 1331 3222 quam

223 3224 424 3286 Stheniadem
443 3227 608 3305 appellant.
652 3227 857 3286 Simulacrum
879 3225 953 3284 deae
981 3248 997 3283 e
1024 3225 1107 3304 ligno
1130 3228 1202 3284 fecit
1222 3229 1330 3288 Callon

222 3313 394 3391 Aeginetae.
421 3313 491 3371 Fuit
507 3322 609 3372 autem
624 3314 732 3372 Callon
748 3309 798 3372 hic
815 3313 940 3373 Tectaei
955 3322 985 3369 et
997 3313 1175 3391 Angelionis
1194 3311 1330 3394 discipu-

257 3534 298 3588 13.
321 3527 412 3600 έριόσα
434 3533 501 3586 CSB
538 3550 572 3585 ex
596 3536 699 3589 emend.
721 3536 756 3588 K.
792 3534 817 3586 R
832 3532 870 3584 έλε
887 3536 1046 3601 expunctum
1066 3537 1095 3586 et
1118 3534 1151 3586 ad
1176 3550 1260 3603 marg.
1282 3554 1326 3603 γρ.

221 3602 398 3668 Valckenarii‚
412 3597 505 3670 ὁρῶσα
522 3602 594 3656 Edd.
602 3604 660 3657 rell.
670 3606 756 3658 codd.
790 3595 961 3671 ἐσιναμώρει.

279 3723 283 3733 .
378 3719 385 3738 ,
828 3673 870 3725 17.
891 3666 925 3722 ού
941 3665 1020 3737 πόρω
1032 3667 1193 3738 κεχώρισται
1204 3672 1255 3724 Vb.

256 3727 297 3778 14.
310 3725 682 3792 reponacBPcAngMLab.
696 3719 758 3779 έπε-
827 3742 870 3794 18,
892 3734 1062 3805 Ἡρακλέους
1080 3740 1130 3792 Vb.
1163 3748 1217 3794 turn
1239 3739 1327 3810 στήλη

220 3789 304 3878 Ψζῦέδί
316 3794 390 3876 ΕΜ·
406 3793 463 3845 ΓΘΗ·
476 3794 527 3846 Va·
536 3812 552 3879 ἱ,
563 3794 676 3878 peoofvp
690 3798 757 3882 vag?
789 3808 979 3876 PcAgMRLb3
997 3808 1031 3860 ad
1043 3825 1125 3875 marg.
1134 3811 1166 3862 R.
1174 3828 1217 3877 γρ.
1225 3805 1325 3878 κρήνη.

219 3881 260 3917 uc
289 3871 365 3916 etlam
395 3871 498 3932 postea.
535 3860 637 3932 έχουσα
665 3882 694 3917 τε
723 3866 756 3918 de
789 3876 875 3945 στήλη
888 3875 977 3945 κρήνη
993 3874 1092 3944 (στήλη
1106 3881 1244 3948 expunct.)
1258 3880 1327 3942 Vb.;

217 3947 548 4043 pawwwwaicstb·
789 3944 885 4068 ηήιήυγή
898 3949 961 3999 καί.
984 3945 1033 3998 Va.
1075 3964 1134 4000 τοοκ
1157 3943 1187 4000 οἷ
1206 3955 1268 4018 post
1290 3941 1328 4009 ὡς

827 4050 868 4138 19.
887 4052 1012 4150 λέγοντες
1026 4083 1076 4152 Ag.
1096 4102 1156 4137 mox
1171 4079 1329 4146 σθενεοίὸος

816 4173 870 4277 aio.
890 4217 1047 4289 αίγεινήτης
1056 4222 1134 4287 lgm.
1144 4216 1329 4287 ἄγγελλίοινος

257 4116 300 4172 15.
320 4112 338 4202 ej
354 4120 464 4188 φαίὸρα
480 4114 614 4190 ἠπορεῖτο
628 4123 698 4176 VaM
714 4125 757 4192 (in
791 4156 815 4208 L

215 4187 272 4240 ¹hoc
282 4179 434 4257 έπορειτο).

238 4291 300 4345 ·16.
319 4283 520 4362 έσιναθεμιόρει
540 4294 688 4349 VaMRLb.
726 4297 759 4349 ln
793 4295 835 4346 Vb
848 4301 875 4346 et
887 4291 974 4363 paullo
994 4300 1056 4359 post
1066 4286 1213 4358 ἄγγελλίων
1225 4290 1276 4359 Ag.

390 4434 450 4487 καὶ·
517 4432 520 4437 ’
1142 4424 1199 4529 a
