2872 4846
208 360 248 419 IV
569 349 983 415 PRAEFATIO.

209 536 316 599 tamen
335 529 387 618 qui
406 528 610 618 manuscripti
622 502 925 595 circumferebantur
944 521 1154 591 correctiores
1174 515 1349 609 publicare,

210 633 304 722 idque
325 653 458 700 suasore
479 637 511 699 ct
530 630 677 700 adiutore
696 629 745 698 M.
765 623 934 697 Musurm‘
956 624 1112 717 affirmat3
1142 621 1201 688 sed
1221 620 1349 691 codices

24 754 37 792 ι’
55 760 58 768 ·
78 736 116 791 ‘’¹2''
210 736 285 803 illos
310 741 417 804 aetate
436 736 520 802 circa
536 735 596 800 has
618 755 670 800 res
695 754 807 822 parum
829 732 955 798 curiosa
969 727 1155 820 diligentius
1168 723 1351 792 describere
1408 810 1412 815 Ι

211 840 370 928 neglexit.
422 837 538 904 Plures
557 838 609 904 vir
626 836 847 903 meritissimus
863 837 1090 901 commemorat
1103 827 1248 917 codieesp
1274 833 1308 895 at
1321 826 1350 892 si

212 943 390 1008 accuratius
409 943 626 1007 examinamus
649 938 830 1026 editionem,
861 955 994 1023 eamque
1009 956 1079 1001 cum
1093 931 1252 1000 codicibus
1267 951 1351 998 con-

213 1039 345 1112 ierimus
360 1045 411 1131 qui
423 1048 581 1133 prostant⁷
609 1062 651 1107 ex
664 1063 727 1109 uno
741 1040 849 1107 codice
863 1059 964 1127 eoque
978 1036 1144 1105 deterioris
1159 1041 1255 1102 notae
1271 1033 1350 1099 satis

141 1215 144 1232 ‚
212 1147 419 1235 negligenter
442 1166 516 1212 esse
543 1165 731 1235 expressam
748 1142 835 1210 haud
855 1142 1003 1230 ambigue
1024 1157 1193 1230 possumus
1211 1136 1351 1203 conclu-

179 1250 182 1257 ’
213 1249 303 1339 dere,
326 1247 408 1337 quod
421 1268 463 1314 ex
476 1253 632 1338 apparatu
644 1253 756 1314 nostro
771 1247 879 1326 critico
894 1242 1065 1311 manifesto
1079 1246 1186 1333 patet3
1212 1241 1268 1306 uix
1282 1237 1350 1304 ullo
1413 1248 1415 1250 ’

214 1352 297 1418 enim
309 1351 381 1418 loco
394 1350 564 1418 electione
577 1350 693 1435 codicis
704 1346 960 1416 Vindobonensis'
973 1347 1106 1415 alterius
1122 1341 1241 1410 recedit
1254 1340 1350 1408 editio

213 1453 343 1522 Aldina.
394 1454 463 1519 Iam
480 1455 628 1541 ‘quaestio
652 1453 795 1519 exoritur
815 1473 858 1517 cx
878 1445 1014 1538 quonam
1032 1451 1113 1517 libro
1135 1445 1351 1532 manuscripto

70 1561 73 1568 “
104 1612 109 1619 ,
214 1577 371 1645 expressa
383 1558 424 1624 sit
439 1555 534 1622 editio
548 1555 694 1642 Veneta3
721 1574 739 1620 e
761 1553 869 1621 codice
883 1552 1009 1622 Vcncto
1030 1553 1164 1640 scilicet,
1190 1549 1351 1636 inquiunt3

200 1661 259 1724 sic
273 1682 305 1725 v.
320 1680 355 1747 g.
371 1657 502 1726 Morelli
517 1657 668 1726 Biblioth.
682 1655 765 1724 mss.
781 1678 892 1746 graec.
907 1664 939 1723 et
951 1657 1042 1723 latin.
1056 1679 1089 1745 p.
1105 1652 1192 1720 282.
1231 1647 1350 1717 matth.

213 1757 347 1827 Rocver
364 1764 396 1826 in
416 1761 554 1849 epistola
576 1760 617 1827 ad
632 1759 831 1827 d'Orvillium
845 1759 898 1851 (v.
913 1759 1009 1844 Benj.
1023 1758 1113 1826 Petu.
1135 1777 1198 1823 van
1212 1751 1352 1820 Wesele

214 1858 371 1930 Scholion
393 1865 424 1927 in
447 1861 610 1952 Catalogo
633 1864 741 1929 libror.
755 1860 804 1929 Μ.
820 1862 976 1929 lboeveri.
1002 1862 1037 1951 l,
1059 1853 1210 1949 p.-50.]‚
1238 1857 1289 1944 qui
1310 1853 1371 1920 de

215 1963 322 2031 codice
342 1987 400 2032 suo
421 1965 582 2041 disserens
603 1966 706 2033 altero
729 1964 812 2030 haec
833 1964 937 2031 addit:
973 1961 1116 2052 „Codex
1135 1977 1352 2050 pergamenus

112 2089 115 2093 ·
213 2066 291 2132 mihi
311 2066 439 2133 videtur
462 2066 638 2154 descriptus
658 2087 699 2132 ex
712 2065 826 2133 eodem
838 2069 894 2136 illo
910 2067 1071 2156 exemplo,
1098 2085 1159 2154 quo
1174 2084 1265 2129 suam
1279 2058 1352 2129 edi-

213 2169 333 2234 tionem
359 2167 513 2234 desumsit
532 2167 656 2258 Aldus,
690 2169 741 2255 qui
764 2163 847 2260 [imo
867 2169 916 2236 M.
939 2163 1116 2258 Musurus]
1142 2166 1273 2255 ingenio
1292 2181 1352 2230 suo

212 2271 313 2338 multa
331 2273 464 2339 mutavit
483 2291 521 2336 ac
534 2272 696 2359 supplevit
712 2276 746 2337 et
758 2274 804 2338 sic
815 2272 996 2339 Pausaniae
1011 2271 1165 2359 quaedam
1177 2269 1251 2336 loca
1262 2254 1353 2357 legi-

213 2391 283 2437 mus
304 2380 453 2462 corrupta
465 2372 679 2448 emendatoris
694 2371 810 2441 vitio.“
860 2375 947 2442 alate
960 2376 1042 2441 haec
1055 2376 1118 2442 tria
1130 2371 1263 2439 saecula
1275 2370 1353 2461 plu-7

213 2493 266 2540 res
287 2473 371 2538 lraud
394 2475 485 2542 dubie
499 2477 644 2543 Venetiis
661 2497 733 2543 esse
752 2482 925 2566 potuerunt
946 2477 1072 2546 codices
1093 2473 1296 2561 Pausaniac3
1321 2467 1355 2536 id

212 2595 291 2643 vero
306 2573 500 2642 confidenter
512 2596 592 2640 sane
605 2573 766 2641 affirmare
779 2576 950 2670 audemus,
974 2601 1078 2669 nequo
1090 2579 1168 2646 Aldi
1181 2577 1354 2644 editionem

213 2697 403 2765 expressam
423 2697 495 2742 esse
515 2696 557 2742 ex
577 2675 634 2743 illo
654 2677 776 2767 codice,
798 2681 849 2766 qui
872 2688 956 2744 nunc
975 2683 1120 2746 Venetus
1142 2684 1353 2766 nuncupatur,
1388 2706 1396 2723 ·
1425 2717 1428 2721 -

131 2852 136 2864 1
201 2797 315 2864 Διιθῳιθ
330 2776 473 2844 Rocvcri
484 2777 598 2844 librum
613 2798 655 2844 ex
673 2798 711 2844 eo
726 2778 919 2868 descriptum
932 2801 1037 2847 essee
1058 2802 1118 2868 quo
1138 2781 1285 2847 desumto
1304 2784 1355 2846 est

213 2878 309 2946 editio
326 2878 464 2947 Veneta.
492 2879 644 2947 Proxime
658 2880 739 2947 haec
752 2881 875 2949 accedit
886 2881 928 2948 ad
942 2882 1113 2952 lectionem
1124 2883 1255 2973 codicis,
1270 2878 1354 2977 quad
1370 2953 1374 2959 ,
1393 2912 1396 2920 v

212 2981 276 3048 iam
290 2982 480 3071 monuimus⁷
505 2981 643 3049 Vindob.
657 2983 687 3047 b.
702 2989 734 3050 et
745 2982 965 3074 Neapolitani.
984 3024 1032 3034 -
1058 2985 1260 3077 Expressam
1279 2980 1354 3051 es'se

212 3082 384 3150 editionem
398 3085 606 3175 negligenter
629 3090 661 3152 et
679 3086 786 3154 mullis
808 3107 977 3176 operarum
990 3090 1147 3177 inquinari
1158 3090 1243 3157 vitiis
1258 3086 1354 3157 sacile

212 3185 412 3252 concedimus
431 3181 485 3271 a)3
514 3186 645 3252 lacunas
658 3208 736 3255 vero
749 3191 822 3257 sola
834 3190 964 3258 editoris
978 3190 1128 3260 socordia
1141 3200 1243 3282 ortas,
1268 3211 1353 3279 *quas

135 3350 139 3358 ,
213 3285 396 3355 Clavicrius
412 3287 470 3351 sibi
490 3286 731 3377 deprehendere
745 3291 832 3356 visus
851 3298 913 3379 cst⁷
937 3313 996 3359 nos
1011 3294 1136 3380 quidem
1147 3317 1213 3365 non
1224 3295 1354 3363 inveni-

212 3378 340 3475 musb).
392 3387 497 3456 Multo
519 3392 648 3458 maioris
667 3393 819 3473 momenti
839 3391 920 3459 illud
934 3385 984 3460 e'st
997 3395 1080 3482 quod
1094 3373 1224 3484 praeter
1235 3396 1353 3463 multos

212 3490 294 3557 alios
308 3489 480 3558 Roeverus
501 3499 729 3570 commemorat
747 3494 819 3561 loco
839 3516 937 3584 supra
957 3495 1131 3588 adscripto,
1154 3497 1275 3566 Aldum
1294 3517 1354 3566 seu

212 3594 318 3681 potius
339 3591 507 3661 Musurum
534 3617 599 3664 non
618 3617 721 3684 pauca
742 3597 871 3688 ingenio
888 3619 947 3666 suo
968 3601 1144 3668 mutavisse
1164 3607 1197 3671 et
1217 3600 1353 3693 supple-

282 3923 311 3989 a)
323 3923 406 4004 'Multi
425 3926 552 3982 eiusmodi
570 3948 674 3986 errores
691 3950 774 4003 usque
797 3933 826 3988 in
847 3937 1041 3991 recentissimas
1063 3939 1195 3995 editiones
1212 3954 1261 4010 pro
1281 3937 1354 4007 egat?

159 4008 163 4015 ¹
194 3996 289 4063 'cunt3
307 4009 347 4044 suc
363 4012 390 4046 v.
409 4015 437 4064 g.
455 3999 485 4063 l,
501 4000 550 4066 25,
569 4002 595 4052 8.
618 4001 684 4055 vitio
701 4005 867 4072 typothetioo
885 4006 944 4059 Ald.
963 4008 1043 4061 habet
1060 4006 1170 4077 φαγήν;
1191 4009 1220 4063 id
1236 4027 1251 4061 c
1269 4015 1367 4061 utores.
1426 4034 1429 4039 ·

215 4067 356 4142 coquentes
373 4075 505 4119 mutarunt
521 4067 550 4119 in
565 4068 689 4138 σφαγήνς
706 4073 815 4125 clavier
825 4082 854 4127 et
865 4075 970 4128 Bekkar
981 4095 996 4129 a
1009 4076 1144 4131 codicibus
1157 4095 1247 4137 veram
1257 4076 1353 4130 Ῑθθῑῐθ·

215 4143 274 4179 nem
289 4137 462 4185 restituerunt
477 4134 579 4203 φυγήν.

261 4263 269 4278 .
284 4198 315 4264 b)
331 4186 373 4265 „Il
386 4218 404 4268 y
417 4219 528 4283 manque
542 4206 623 4259 memo
638 4206 766 4277 quelques
781 4228 908 4280 passages
925 4213 971 4282 qui
984 4220 1046 4269 sont
1058 4215 1124 4269 dans
1136 4220 1196 4269 tous
1208 4214 1249 4269 les
1322 4229 1354 4267 u-

217 4272 305 4318 scrrts.
324 4269 385 4337 ¹On
402 4288 435 4321 an
451 4279 545 4327 trouve
563 4275 610 4329 dos
629 4275 761 4349 exemplo
775 4278 824 4339 liu.
842 4280 922 4348 VIII,
948 4283 990 4335 ch.
1006 4283 1051 4337 41.
1076 4286 1164 4339 etliv.
1178 4284 1219 4354 X,
1243 4283 1288 4339 dt·
1325 4282 1354 4336 ·“

216 4331 296 4396 Quae
305 4329 384 4433 odam
397 4337 664 4463 mmmdmtgpmt
675 4346 747 4403 iana
761 4352 780 4400 t
795 4351 981 4404 momentaria
998 4360 1091 4433 nostro
1105 4346 1219 4425 potabis
1291 4375 1313 4393 ι’
1328 4399 1331 4406 .
