2872 4846
239 298 307 386 ,ιρι
347 271 354 283 ’
678 297 889 355 Armua

243 463 341 558 μηταλ
374 455 441 533 ado
461 456 545 555 ὄντα
574 462 753 533 ἐδείκνυον
783 459 908 556 λόγον,
952 458 1000 548 ὡς
1025 467 1075 557 εἴη
1100 462 1161 552 μὲν
1184 457 1205 533 6
1225 488 1264 534 νε

237 561 436 653 ”λλ.λον,4’6
465 559 910 660 otoctt66g‘'’166096'61'66⁹
937 559 1005 636 νἰπὸ
1026 559 1161 636 τούτου
1182 566 1263 636 660
1241 490 1359 765 ’(λῖ

146 704 149 709 ·
242 662 352 758 ταμός
381 660 581 760 ὠνομάσθη.
636 662 804 758 Ηρακλέα
832 669 869 738 66
900 661 958 791 666
989 661 1051 762 τὴν
1083 662 1160 760 παρ’
1186 661 1309 762 Ὀμφα

241 771 324 843 ποτὲ
348 771 483 943 666666
505 773 640 841 ιλίαιταν
657 763 875 841 ”Υλλον46’
855 764 922 842 aad
942 775 1009 842 τοῦ
1026 775 1189 860 ποταμοῦ
1208 773 1353 881 καλέσαι

241 866 304 944 τόν
322 885 429 944 παῐα
489 899 491 903 ’

560 1113 810 1186 caput*
861 1117 1029 1185 XXXVI.

240 1281 282 1334 De
303 1279 365 1334 aliis
388 1277 416 1330 in
439 1277 573 1330 Salamine
598 1278 770 1331 memorandis
794 1308 829 1318 -
852 1279 939 1333 insula
960 1280 1091 1349 Psyttalia
1114 1309 1149 1318 —
1172 1247 1354 1335 monumenti}

320 1364 355 1416 -in
379 1362 423 1414 via
447 1380 525 1415 sacra
550 1381 643 1416 versus
660 1364 789 1415 Eleusina
812 1392 848 1401 -
864 1365 1060 1419 Anthemocrito
1083 1394 1117 1403 —
1135 1364 1212 1416 Soiro
1231 1372 1292 1417 vate
1312 1396 1348 1407 -
1373 1314 1412 1423 ρ

327 1447 510 1518 Cephisodoro
538 1477 573 1488 —
601 1449 669 1502 bello
693 1449 892 1503 Atheniensium
922 1458 1013 1501 contra
1039 1448 1188 1519 Philippum
1217 1448 1348 1502 Demetrii

277 1532 416 1587 tilium.

310 1684 370 1763 Ἐν
386 1694 526 1816 Σαλαμλ
526 1716 559 1760 νι
513 1690 617 1761 λιλὲ
640 1686 865 1782 (ἐπάνειμι
825 1720 890 1786 γαρ
908 1685 997 1777 ἐς
959 1719 1021 1762 τον
1039 1693 1266 1814 προκείμενον
1285 1683 1345 1761 λό-

236 1797 315 1887 γον)
329 1797 444 1864 τοῦτο
463 1792 524 1882 μὲν
541 1785 735 1884 Ἀρτέμιιλός
749 1798 869 1864 ἐστιν
854 1788 967 1884 ιερὸν,
994 1799 1102 1864 τοῦτο
1119 1794 1156 1863 66
1172 1787 1352 1883 τρόπαιον,

238 1889 418 1990 6666666'
399 1888 467 1965 απὸ
490 1898 553 1987 τῆς
576 1889 741 1986 νίκης,“
718 1922 762 1989 ην
778 1890 1050 1987 Θεμιστοκλῆς
1034 1922 1053 1965 ο
1078 1896 1333 1980 Νεοκλέους”
1292 1921 1344 1964 αι·

235 2025 311 2087 τιος
328 2000 457 2093 ἐγένετο
470 2022 534 2089 μεν
536 1996 638 2118 6666
660 2009 716 2066 τολ
717 2025 736 2083 ς
744 1991 895 2090 Ἕλλησι.
947 1999 1005 2066 καλ
1029 1994 1226 2091 Κυχρέως1
1249 1997 1344 2068 ἐστὶν

130 2160 134 2170 .
179 2102 251 2168 88
235 2094 338 2196 ιερόν.
389 2091 666 2192 ναυμαχούντων
694 2100 732 2169 66
750 2093 937 2193 Ἀθηναίων
964 2093 1055 2192 πρὸς
1082 2093 1236 2225 Μῄιλους
1251 2092 1347 2192 ιλρνλ.

234 2231 340 2282 κοντα
365 2205 403 2274 ἐν
424 2212 500 2287 ταῖς
521 2196 707 2271 666622
687 2204 815 2295 λέγεται
839 2205 1009 2295 φανῆναι·
1061 2206 1191 2272 τοῦτον
1213 2195 1232 2271 6
1252 2194 1344 2288 θεός

199 2308 375 2428 λέχρηορν
394 2296 588 2396 Ἀθηναίοις
609 2306 751 2399 Κυχρέα
771 2296 914 2375 εἶναι
876 2330 938 2374 τον
961 2296 1068 2396 ἥρωα.
1126 2305 1182 2395 (2)
1221 2305 1345 2427 Νῆσος·

231 2408 269 2478 66
289 2399 392 2530 666³
415 2398 628 2530 Σαλαμῖνός,
638 2407 708 2476 ἐστι
726 2406 921 2498 καλουμένη
942 2400 1146 2475 Ψυττάλεια.
1199 2407 1235 2491 ἐς
1254 2398 1340 2477 ταύ-

229 2536 293 2607 την
309 2513 379 2582 τῶν
397 2500 589 2636 βαρβάρων
606 2499 723 2580 66064
749 2511 998 2605 τετρακοσίους
1024 2501 1196 2602 ἀποβῆναι
1216 2496 1338 2602 λέγου-

229 2730 377 2810 speoies.·
411 2731 492 2789 lbie
515 2728 610 2810 Lydis
633 2731 827 2809 >antiquitatis
854 2729 943 2808 periti
965 2722 1125 2802 homiues,
1158 2747 1236 2807 quae
1262 2747 1336 2788 vero

228 2817 368 2893 propiora
390 2827 474 2890 sunt,
512 2814 731 2873 disseruerunt:
766 2816 852 2892 Hylli
871 2813 1000 2870 cadaver
1023 2812 1110 2870 illud
1123 2831 1204 2870 esse:
1240 2813 1336 2872 fuisse

227 2918 299 2958 vero
319 2901 448 2978 Hyllum
466 2860 582 2956 Terrae
606 2900 721 2974 filium,
751 2918 847 2977 aquo
871 2899 1000 2975 regionis
1020 2898 1128 2954 fluvius
1150 2917 1262 2955 nomen
1282 2917 1336 2954 ao·
1384 2948 1387 2957 ,

224 2985 355 3063 ceperit:
396 2995 425 3042 et
444 2985 606 3042 Herculem
636 2994 758 3062 propter
779 2981 943 3061 Omphales
965 2980 1214 3042 consuetudinem
1236 2981 1335 3040 filium

227 3066 265 3126 de
291 3069 424 3126 fluminis
445 3069 568 3141 nomine
595 3070 772 3147 appellasse.

286 3188 364 3246 Chr.
386 3191 524 3248 XXXVI.
568 3183 722 3247 Salamine
748 3185 809 3263 (ut,
839 3183 919 3242 unde
944 3187 1063 3243 fueram
1083 3184 1254 3264 digressus,
1282 3207 1332 3244 re-

226 3270 328 3352 deam)
350 3274 465 3331 Dianae
491 3276 642 3352 templum
669 3284 728 3346 est,
772 3281 801 3327 et
825 3281 982 3348 tropaeum
1002 3273 1036 3327 in
1059 3272 1239 3330 memoriam
1267 3273 1331 3329 eius
1388 3346 1391 3351 Ι

226 3357 382 3430 victoriae,
420 3360 504 3416 ouius
534 3358 757 3416 Themistocles
780 3357 899 3412 Neoclis
925 3356 1005 3413 filius
1033 3357 1155 3414 Graecis
1189 3356 1330 3413 omnibus

227 3453 331 3501 auctor
357 3444 424 3500 fuit.
488 3446 632 3500 Ereotum
656 3439 791 3520 Gyohreo
818 3442 910 3495 etiam
938 3443 1096 3519 templum,
1160 3440 1330 3497 Commisso

226 3530 307 3601 euim
339 3546 408 3584 oum
437 3530 536 3585 Persis
559 3528 688 3605 proelio,
729 3524 890 3581 draconem
917 3526 995 3582 inter
1019 3545 1112 3584 naves
1135 3534 1329 3602 conspectum

225 3623 410 3671 memorant:
433 3611 471 3669 de
485 3631 544 3690 quo
561 3609 784 3668 sorsaimntibzm
797 3606 1033 3667 Atheniensibus
1047 3609 1218 3689 cychremn
1232 3610 1329 3668 fuisse

225 3693 318 3775 heroa
345 3697 520 3773 Apollinem
554 3694 753 3773 respondisse.
813 3691 860 3772 (2)
895 3697 974 3752 Ante
1005 3696 1192 3753 Salaminem
1226 3696 1327 3753 insula

225 3791 280 3857 est,
302 3783 351 3840 oui
362 3780 507 3858 Psyttalia
522 3798 649 3837 nomen:
671 3781 788 3836 ineam
803 3799 844 3835 ex
855 3781 1015 3837 Persarum
1031 3783 1167 3838 exercitu
1180 3778 1327 3860 quadrin-

259 3977 304 4034 45.
320 3973 390 4031 ὕλαν
397 3973 502 4047 ,ι”ν’λος,
518 3972 588 4033 «Stoa
603 3980 653 4034 La
827 3982 853 4035 2.
873 3975 1033 4048 ναυσλνλς.
1057 3995 1117 4031 mox
1135 3977 1219 4030 τοῦτο
1232 3975 1284 4030 Lh

200 4116 216 4143 ι
259 4046 305 4101 46·
323 4017 409 4101 ῧλλθν
424 4049 475 4101 Va·
824 4066 851 4119 3.
869 4061 950 4150 πρὸς
968 4065 1059 4134 Larig-
1093 4072 1147 4118 tum
1174 4055 1248 4116 ἔστιν
1271 4061 1324 4133 Ag,

262 4151 345 4202 cip
365 4151 494 4204 xxxvl
525 4155 551 4205 1
560 4144 689 4234 Ἕλλησι..
706 4150 758 4218 Ag
790 4130 975 4204 ψιττάλεια
954 4132 1044 4187 Pch.
1069 4127 1223 4202 ψνττνλνεια
1239 4131 1290 4189 La.

225 4213 363 4340 Κὲλκθὲωε
392 4229 420 4273 et
456 4225 551 4344 postea
572 4214 676 4287 Κιχρέα
705 4219 781 4274 Va.
825 4215 946 4273 4.6⁶ov
965 4236 995 4272 τε
1016 4237 1126 4289 τετρακ.
1150 4221 1264 4275 Person.
1288 4248 1323 4261 -

224 4281 262 4358 ἣν
277 4282 326 4359 χρέ
327 4305 364 4362 ας
383 4297 411 4344 et
428 4281 465 4357 ἣν
484 4284 534 4360 χρέ
534 4307 554 4343 ιι
571 4289 622 4370 La.
787 4257 943 4419 λιτομέναν
962 4288 1029 4344 Va.
1119 4342 1123 4347 .
