2872 4846
444 287 535 346 SEU
564 288 652 347 mn.
675 294 713 347 ll.
751 287 854 349 GAP.
883 290 980 351 XXX.
1200 295 1265 358 887

150 450 345 546 τριδοῦνίί6
363 455 526 543 Πιτθέως
542 451 654 527 εἰδόσι
667 451 709 526 τὰ
726 457 762 542 ἐς
778 449 889 528 αὐτὸν
904 451 951 528 οὐ
966 452 1100 551 γράφω.
1128 462 1184 554 (9)
1202 468 1264 533 Δεῖ
1282 480 1314 532 ιο

151 558 191 628 δέ
211 583 252 647 με
277 551 423 629 τοσόνδε
445 560 494 628 ἐτι
516 562 680 652 δηλῶσαι.
733 552 967 653 Ἡρακλειδῶν
991 554 1056 654 γὰρ
1079 560 1264 637 κατελθόν-

151 686 223 731 των
257 656 416 744 ἐδέξαντο
448 662 570 731 καλοί
599 656 796 756 Τροιζήνιοι
807 659 847 705 4⁷
881 664 1075 749 συνοίκους
1102 668 1266 759 Δωριέων

150 767 221 833 τῶν
247 759 283 848 ἐξ
295 757 441 856 ’Ἁργους
466 765 524 833 καί
545 758 717 858 πρότερον
737 767 787 834 ἐτι
804 757 958 857 Ἀργείων
973 758 1071 851 ὄντες
1085 761 1264 861 κατήκοοι·

151 865 210 935 καί
232 869 329 958 σφᾶς
343 866 401 936 καί
418 859 575 960 Ὅμηρος
590 870 626 938 ἐν
646 861 824 961 καταλόγῳ
840 868 950 959 φησὶν
965 861 1039 938 ὑπὸ
1057 864 1264 965 Διομήδους

152 962 331 1060 ἄρχεσθαι.
384 963 567 1064 Διομήδης
593 963 657 1063 γὰρ
678 970 737 1040 καί
746 962 940 1061 Εὐρύαλος
961 964 982 1039 ὁ
1001 974 1215 1064 Μηκιστέως,
1223 971 1263 1019 4⁸

151 1062 362 1142 Κυάνιππον
374 1065 437 1141 τόν
450 1073 635 1165 Αἰγιαλέως
649 1074 757 1142 παῖδα
774 1065 857 1143 ὄντα
873 1068 1170 1165 ἐπιτροπεύοντες,
1195 1068 1262 1175 Ἀρ-

150 1174 251 1266 γείων
268 1168 440 1268 ἡγήσαντο
456 1176 492 1260 ἐς
508 1177 647 1267 Τροίαν.
701 1175 877 1259 Σθένελος
897 1174 954 1262 δέ,
982 1168 1031 1260 ὡς
1045 1169 1203 1270 ἐδήλωσα
1224 1178 1261 1250 ἐν

150 1287 227 1360 τοῖς
250 1270 438 1368 πρότερον,
480 1279 594 1363 οἰκίας
613 1302 648 1347 τε
672 1261 717 1371 ἦν
736 1279 1005 1370 ἐπιφανεστέρας
1036 1281 1106 1349 τῶν
1132 1271 1264 1366 ’Δναξα-

149 1380 302 1470 γοριδῶν
321 1381 563 1468 καλουμένων,
601 1380 660 1450 καί
685 1374 706 1473 ή
737 1382 891 1471 βασιλεία
915 1373 1031 1473 τούτῳ
1054 1373 1200 1468 μάλιστα
1220 1367 1264 1477 ήν

41 1505 56 1514 ‘
149 1474 392 1573 ή49·ἰίργείων
413 1476 655 1574 προσήκουσα.
707 1484 862 1551 τοσαῦτα
884 1483 1101 1575 Τροιζηνίοις
1121 1477 1264 1576 ἐχόμενα

152 1584 308 1674 ἱστορίας
321 1570 383 1677 ήν,
420 1581 528 1677 παρὲξ
556 1576 632 1677 ήῧθ
653 1575 735 1653 ὅσαι
763 1576 882 1669 πόλεις
905 1576 984 1676 παρ’
1011 1576 1128 1655 αὐτοῖν
1153 1588 1263 1677 φασίν

152 1675 411 1779 ἀποικισθῆναι.
464 1679 681 1779 κατασκευήν
705 1685 743 1756 δέ
771 1688 873 1778 ίερῶν
896 1687 954 1756 καί
980 1677 1048 1754 ὅσα
1068 1680 1155 1758 ἄλλα
1180 1688 1217 1776 ἐς
1226 1686 1261 1734 ⁶¹

152 1783 313 1872 ἐπίδειξιν
344 1781 384 1857 τό
407 1788 571 1859 ἐντεῦθεν
596 1783 751 1878 ἐπέξειμι.

150 2013 213 2071 filia
238 2025 369 2094 nepote,
408 2013 490 2094 quod
520 2017 592 2074 satIs
622 2025 692 2074 sunt
723 2015 863 2072 omnibns
885 2013 948 2069 eius
976 2031 1022 2070 res
1041 2024 1148 2087 notae,
1184 2014 1263 2076 nihil

150 2099 266 2172 serib03
304 2098 350 2175 (9)
376 2098 429 2157 sed
454 2119 505 2173 eu,
537 2120 614 2180 quae
640 2099 778 2157 addenda
800 2117 925 2169 censeo,
955 2097 1169 2174 inpraesentia
1191 2122 1263 2179 per-

150 2200 270 2263 sequor.
331 2184 499 2242 Heraclidis
519 2187 815 2263 iri-Peloponnesum
841 2182 986 2253 reversis,
1026 2196 1202 2262 receperunt
1232 2197 1262 2244 et

149 2270 312 2327 Troezenii
333 2271 364 2326 in
380 2270 488 2327 urbem
505 2289 593 2327 suom
608 2271 785 2342 Dorienses,
808 2268 861 2347 qui
878 2266 968 2342 Argis
984 2278 1144 2344 venerunt,
1165 2288 1261 2349 quum

150 2356 243 2411 etiam
268 2364 356 2411 antea
375 2356 496 2432 Argivis
519 2356 700 2434 paruissent.
754 2356 833 2411 Nom
852 2360 882 2409 et
902 2353 1050 2410 Homerus
1069 2355 1102 2409 in
1126 2358 1262 2414 exercitu

150 2439 335 2497 Graecorum
355 2439 539 2498 recensendo
562 2437 744 2498 Diomedem
766 2438 828 2495 illis
848 2439 1013 2514 imperasse
1039 2437 1126 2495 dicit:
1164 2442 1261 2520 siqui-

150 2521 221 2580 dem
246 2522 410 2581 Diomedes
438 2533 468 2580 et
489 2525 640 2603 Euryalus
666 2523 820 2596 Mecistei,
859 2529 998 2598 susceptu
1029 2521 1179 2601 Cyonippi
1198 2526 1261 2583 Ao·
1325 2576 1337 2597 ,

150 2609 243 2685 gislei
266 2607 320 2665 filii
350 2609 461 2681 tutela,
502 2610 630 2688 Argivos
658 2606 697 2665 ad
717 2608 844 2665 Troiam
867 2601 1032 2662 deduxere.
1097 2605 1261 2668 Sthenelus

149 2712 220 2752 vero
238 2692 298 2769 (uti
313 2703 382 2750 ante
398 2692 539 2772 exposui)
562 2693 713 2750 natalibus
734 2694 832 2750 multo
854 2689 912 2746 fuit
931 2688 1122 2765 clarioribus,
1149 2711 1260 2773 nempe

76 2797 79 2812 ⁴
149 2781 203 2857 qui
229 2776 267 2834 de
297 2797 403 2836 eorum
428 2789 506 2835 esset
529 2788 636 2856 gente,
674 2777 820 2856 quisunt
851 2772 1082 2851 Anaxagoridae
1104 2779 1258 2855 appellati.

147 2865 188 2920 Ei
203 2865 305 2942 itaque
327 2864 359 2918 in
379 2864 485 2941 primis
506 2866 691 2941 Argivorrun
711 2860 877 2919 debebatur
898 2859 1071 2938 imperium.
1121 2858 1203 2919 Haec
1223 2863 1261 2923 de

147 2950 386 3006 Troezeniorum
412 2948 501 3006 rebus
535 2946 679 3007 historiae
712 2945 856 3003 mundato
886 2955 973 3002 sunt:
1018 2962 1205 3025 quamquam
1231 2961 1261 3007 et

147 3035 246 3090 multo
267 3034 394 3092 fortasse
417 3031 455 3090 de
475 3035 528 3107 iis,
564 3053 638 3113 quas
656 3029 867 3104 deduxerunt,
897 3029 1022 3087 coloniis
1038 3027 1110 3087 addi
1127 3045 1260 3111 possent.

148 3122 218 3175 lam
236 3137 307 3176 vero
321 3121 506 3196 templorum
524 3126 720 3188 ornamenta,
751 3127 781 3172 et
799 3116 857 3171 alio
871 3115 1006 3171 maxime
1023 3113 1153 3192 insignia
1170 3138 1260 3197 opero

149 3219 321 3279 persequar.

99 3419 101 3423 ⁷
183 3424 229 3478 46.
246 3423 403 3491 δντριδοῦν
411 3423 460 3491 (γα
471 3437 553 3508 supro
564 3420 626 3488 lin.)
636 3420 686 3495 Ye.
757 3417 802 3472 49.
819 3411 839 3486 ή
858 3432 909 3470 om.
928 3416 967 3471 M.

151 3487 289 3554 flovetus
298 3489 386 3545 εἰδότι
396 3491 448 3560 Ag.
474 3508 510 3544 τα
526 3485 633 3544 ἑαυτῶν
649 3484 686 3542 od
1100 3497 1114 3510 ‘

148 3562 196 3616 Pe.
213 3578 273 3613 mox
285 3559 441 3615 τοσόνδείτι
451 3560 517 3681 ήεὶο)
528 3560 579 3614 La.
743 3556 797 3640 fio.
813 3547 934 3622 πυρέξαι
948 3551 1170 3641 LbMvahPcpg.
1187 3575 1260 3627 παρ.

182 3628 227 3683 47.
245 3629 379 3697 τριζήνιοι
387 3629 427 3683 Μ.
470 3646 531 3689 ντες
543 3626 684 3696 κατήκ-
719 3623 854 3693 ρεξαιίιε.
872 3619 1257 3694 ιιιιδοιιοεπαρὲξηοτιιίωοι.

118 3720 124 3729 ·
146 3692 270 3765 Ἀργείων
280 3715 331 3750 orn.
344 3697 395 3750 La.
411 3698 476 3751 Mox
487 3700 585 3751 καταλ.
598 3692 686 3764 φασίν
718 3688 830 3814 παρήξΜ
826 3689 941 3760 (πάρεξ)
956 3692 1016 3746 edd.
1042 3688 1196 3765 ἄποικήσαι
1207 3696 1257 3765 Ag.

148 3768 201 3820 Va.
720 3778 779 3830 φασ
831 3796 841 3816 .

181 3837 226 3889 48.
244 3828 403 3904 Μηκιστέος
413 3834 464 3904 Ag.
484 3829 687 3901 Memorium

43 3902 50 3909 “
149 3919 229 3974 snper
248 3922 281 3973 υ,
307 3904 360 3958 Vb.
753 3897 800 3955 51.
819 3888 848 3959 ἐς
859 3913 910 3951 on.
927 3896 978 3951 Vb.
