2872 4846
458 243 549 303 sau
579 245 668 301 nm.
690 244 714 301 1.
758 243 994 302 conmm-
1212 246 1276 311 rso
1319 216 1323 221 ’

170 405 385 503 ἐβούλευσαν
400 406 614 484 Μακεδόνων
635 405 913 506 φρουρούντων,
939 411 1021 506 πρίν
1039 409 1077 484 di
1092 406 1272 506 εἰργάσθαι
1384 425 1387 429 ’

169 508 209 584 τό
242 517 342 607 ἔργον
366 509 440 587 rimi
466 521 537 587 τῶν
560 509 771 587 συνειδότων
793 516 1008 608 μηνυθέντες
1023 512 1062 559 ⁶⁰
1077 508 1269 587 άαῶλοντο.

169 620 226 707 (8)
246 622 384 690 Κεῑνται
398 619 436 688 di
448 619 507 688 καλ
520 623 557 690 οἱ
570 619 648 711 περὶ
661 613 844 711 Κόρινθον
859 612 1038 703 πεσόντες·
1067 611 1217 712 ἐδήλωσε
1228 617 1267 703 di
1286 636 1318 690 lt

168 713 235 813 ούχ
253 714 376 814 ἥκιστα
393 715 414 792 ό
429 716 516 806 θεός
537 723 692 792 ἐνταῦθα
711 722 769 791 καί
791 704 900 806 αύθις
921 722 958 790 ἐν
969 712 1162 813 Λεύκτροις
1179 715 1268 806 τούς
1340 810 1346 819 μ

166 816 418 918 ύκόἙλληνων
433 825 676 915 καλουμένους
692 817 877 916 άνθρείους
889 815 930 893 τό
945 823 1051 916 μηδὲν
1063 816 1148 894 ἄνευ
1159 816 1269 917 τύχης

165 922 270 1015 εἶναι,
323 932 353 996 εἰ
375 922 420 1020 θη
446 921 712 1018 Λακεδαιμόνιοι
747 928 950 1019 Κορινθίων
990 918 1066 996 τότε
1094 926 1152 995 καὶ
1170 918 1266 1021 Ἀθη-

164 1032 288 1116 ναίων,
349 1032 397 1099 ἔτι
426 1031 477 1101 di
491 1033 550 1101 καί
573 1025 727 1126 Ἀργείων
754 1030 813 1100 καί
842 1031 1006 1099 Βοιωτῶν
1037 1022 1268 1124 κρατήσαντες

163 1124 313 1219 ὕστερον
338 1126 410 1205 ὑπὸ
436 1136 601 1206 Βοιωτῶν
622 1128 742 1224 μόνων
765 1134 801 1203 ἐν
817 1125 1011 1224 Λεύκτροις
1032 1131 1068 1216 ἐς
1088 1135 1264 1203 τοσοῦτον
1371 1190 1377 1197 .

163 1228 397 1328 ἐκακώθησαν.
457 1238 514 1328 (9)
551 1229 648 1334 Μετὰ
677 1236 715 1308 δὲ
743 1228 833 1323 τούς
862 1226 1108 1321 ἀποθανόντας
1138 1235 1175 1306 ἐν
1194 1237 1264 1304 Kc

160 1339 291 1431 ρίνθῳ,
324 1331 451 1433 στήλην
471 1339 527 1411 ἐπὶ
546 1341 663 1410 τοῑσόε
684 1331 822 1411 ἑστάναι
843 1331 907 1432 τὴν
922 1332 956 1382 ⁵¹
978 1328 1089 1430 αύτην
1108 1339 1264 1430 σημαίνει

159 1432 201 1509 τά
223 1441 363 1533 ἐλεγεῖα,
399 1454 475 1526 τοῖς
495 1443 556 1531 μίν
579 1443 617 1513 ἐν
636 1434 773 1534 Εύβοίμ
787 1438 825 1486 ⁵²
846 1442 904 1512 καί
926 1441 1002 1534 Χίῳ
1024 1432 1313 1532 τελευτήσασιἭ
1380 1464 1384 1471 ‘

160 1536 245 1627 τούς
273 1543 311 1614 δὲ
338 1544 394 1613 ἐπὶ
424 1557 500 1629 τοῖς
534 1539 691 1637 ἐσχάτοις
728 1547 791 1636 τῆς
811 1537 967 1635 Ἀσιανῆς
1004 1533 1151 1634 ἠπείρου
1186 1544 1261 1611 θια-

158 1649 341 1738 ηθαρηναι
354 1648 467 1739 θηλοῑ,
493 1639 582 1731 τούς
596 1646 633 1716 δὲ
648 1648 685 1717 ἐν
697 1649 844 1740 Σικελία
875 1644 1100 1738 γεγραμμένοι
1117 1643 1158 1713 (λε’
1173 1646 1259 1714 εἰσιν
1277 1658 1310 1715 1²
1410 1694 1415 1705 .

156 1749 197 1814 οἴ
213 1773 247 1816 τε
270 1749 452 1841 στρατηγοί
473 1742 563 1842 πλὴν
582 1750 730 1835 Νικίου,
755 1750 813 1817 καί
831 1751 901 1818 τῶν
924 1748 1141 1839 στρατιωτῶν
1162 1739 1257 1836 ὃμού

155 1861 230 1933 τοῖς
261 1841 381 1935 ἀστοῖς
411 1853 605 1934 Πλαταιεῖς.
673 1852 799 1934 Νικίας
826 1848 863 1920 δὲ
891 1849 947 1919 tat
971 1849 1059 1942 τῶδε
1088 1850 1256 1942 παρείθη·

152 1945 278 2045 γράφω
299 1952 337 2022 δὲ
360 1944 468 2023 οὐδὲν
487 1945 643 2045 διάφορα
667 1943 691 2046 ἢ
709 1955 892 2039 Φίλιστος,
919 1943 962 2038 ός
980 1950 1049 2044 ἔφη
1070 1952 1256 2075 Δημοσθέ-

152 2079 217 2146 νην
238 2055 300 2144 μὲν
321 2048 477 2142 σκονθᾶς
497 2048 715 2151 ποιήσασθαι
733 2066 809 2142 τοῖς
823 2049 942 2142 ἄλλοις
963 2045 1053 2147 πλην
1073 2056 1201 2142 αυτοῦ,
1217 2051 1254 2099 ⁶³

124 2332 245 2390 ¹quum
278 2310 315 2369 de
346 2309 493 2370 eliciendo
520 2332 561 2369 ex
582 2314 706 2370 Piraeeo
727 2309 929 2371 Macedonum
952 2306 1102 2390 praesidio
1126 2306 1252 2368 consilia
1347 2368 1351 2374 ,

147 2399 300 2469 iniissent,
328 2399 507 2476 priusquam
523 2400 682 2475 negotium
704 2398 897 2470 conficerent,
929 2397 1117 2455 consciorum
1139 2392 1251 2452 indicio

148 2483 283 2558 oppressi
304 2491 385 2537 sunt.
429 2481 476 2559 (8)
496 2481 555 2537 Siti
577 2485 669 2539 etiam
687 2481 730 2537 ibi
742 2492 829 2555 sunt,
852 2482 906 2560 qui
923 2479 962 2537 ad
977 2476 1157 2538 Corinthum
1171 2478 1251 2534 ceci·

148 2565 275 2622 demut:
303 2565 356 2622 ubi
382 2567 470 2622 facile
498 2562 661 2623 declaravit
679 2567 776 2639 Deus,
799 2562 1058 2644 quemadmodum
1080 2573 1109 2620 et
1124 2571 1193 2640 post
1217 2562 1249 2617 in

146 2652 303 2707 Leuctrica
325 2668 445 2727 pugna,
480 2669 547 2726 ecs,
583 2652 637 2730 qui
661 2670 678 2706 a
705 2647 827 2709 Graecis
850 2650 907 2707 viri
930 2650 1024 2707 fortes
1047 2646 1248 2725 appellantur,

145 2739 208 2793 sine
228 2737 349 2793 fortium
363 2733 442 2791 nihil
458 2754 534 2792 esse.
575 2739 654 2793 Nam
666 2733 908 2806 Lacedaemonii,
922 2735 975 2815 qui
985 2729 1156 2792 Corinthios
1169 2740 1248 2805 aute,

144 2819 361 2891 Athenienses,
383 2820 521 2897 Argivos,
545 2829 575 2877 et
588 2822 726 2879 Boeotios
742 2821 833 2879 armis
852 2818 1039 2892 domuerant,
1061 2814 1101 2874 ad
1120 2818 1249 2875 Leuctra

143 2918 206 2962 tam
228 2906 346 2984 ingenti
366 2903 486 2969 clades
508 2905 581 2978 solis
590 2907 722 2963 Boeotiis
740 2906 844 2964 afflicti
860 2914 941 2965 sunt.
984 2901 1033 2981 (9)
1053 2903 1128 2960 Post
1142 2920 1247 2960 eorum

142 2993 290 3066 tumulos,
327 2991 380 3068 qui
402 2988 441 3047 ad
463 2986 642 3048 Corinthum
659 2993 793 3068 periere,
830 2991 1004 3049 columnam
1023 3007 1119 3046 unam
1139 2987 1245 3047 multis

142 3087 272 3133 erectam
296 3095 379 3149 esse,
411 3076 547 3153 inscripti
566 3077 645 3152 elegi
666 3085 823 3133 testantur.
866 3076 930 3133 Hos
955 3075 1038 3130 enlm
1058 3074 1092 3129 in
1110 3072 1244 3146 Euboea,

140 3162 211 3218 illos
239 3164 270 3217 in
295 3158 391 3234 Chio,
421 3159 569 3238 quosdam
590 3160 623 3215 in
645 3161 790 3216 extremis
812 3159 993 3216 confinentis
1015 3158 1105 3214 Asiae
1123 3156 1243 3230 finibus,

141 3247 216 3302 aiios
240 3247 272 3300 in
290 3245 393 3302 Sicilia
414 3243 557 3303 cecidisse
579 3241 723 3301 indicant.
771 3244 871 3301 Duces
894 3243 987 3299 etiam
1011 3239 1153 3319 adscripti
1172 3251 1243 3300 sunt

140 3339 258 3408 praeter
281 3329 415 3401 Niciam,
454 3339 486 3387 et
512 3331 704 3388 Plataeenses
733 3329 846 3385 milites
878 3318 939 3384 ima
976 3346 1045 3383 cum
1074 3324 1242 3404 oppidanis.

139 3418 256 3472 Niciam
268 3413 393 3494 quidem
405 3417 602 3492 praeteritum
611 3433 673 3472 non
690 3415 782 3471 aliam
795 3412 834 3471 ob
850 3429 981 3483 causam,
993 3428 1087 3490 quam
1096 3407 1243 3467 Philistus

138 3499 288 3577 prodidit,
321 3498 508 3558 crediderim.
551 3498 662 3558 Scribit
684 3502 766 3557 enim
780 3499 851 3570 ille,
878 3492 1115 3553 Demosthenem
1136 3496 1168 3549 in
1187 3491 1243 3550 de-

139 3584 253 3641 ditione
275 3581 414 3640 facienda
437 3602 469 3640 se
490 3603 587 3641 uuum
608 3586 781 3662 excepisse;
814 3602 848 3639 ac
868 3600 963 3660 quum
979 3582 1010 3637 in
1031 3576 1166 3637 hostium
1185 3598 1242 3656 po-

137 3678 279 3728 testatem
307 3669 441 3741 veniret,
475 3668 614 3747 sibiipsi
643 3689 750 3728 manus
776 3670 959 3727 consciscere
990 3674 1142 3724 conatum.
1186 3664 1240 3720 Ni-

103 3958 107 3962 *
169 3903 213 3955 50.
222 3890 396 3967 μηνυθέντες
407 3900 440 3968 (η
450 3917 534 3970 super
544 3918 563 3953 ν
573 3900 671 3971 priori)
705 3899 867 3958 VnNLabB.
880 3909 934 3957 tun
946 3895 1139 3968 τελευτήσασιν
1150 3896 1239 3966 Ath.

134 3967 297 4024 όιτῶλλοντο
320 3970 372 4038 Ag.
395 3964 543 4023 ἀπόλοντο
560 3988 611 4024 om.
633 3971 669 4024 N.
704 3988 765 4022 mcx
774 3973 877 4035 Νικίας
888 3967 921 4025 δὲ
933 3971 1013 4043 τῶδε,
1023 3964 1071 4023 tat
1084 3986 1145 4038 sup.
1158 3984 1241 4033 veru,

133 4035 275 4093 ἀπόλοντο
287 4039 339 4092 La.
704 4038 755 4092 Lb.

168 4108 211 4160 51.
231 4103 263 4160 τ’
298 4124 348 4160 om.
361 4108 399 4161 N.
740 4110 785 4163 53.
798 4103 1057 4174 atrotnrctgrut.
1071 4098 1238 4157 urisoriEdd.

169 4175 213 4227 52.
240 4125 288 4228 rhh
335 4177 386 4229 La.
414 4183 469 4230 tum
490 4194 520 4230 τε
540 4171 590 4228 καί
609 4174 670 4247 Χίῳ
705 4186 768 4231 anta
781 4178 813 4247 B,
828 4180 879 4229 Vn.
903 4194 962 4230 mox
980 4169 1239 4229 atctvcsssrarttt
1343 4222 1346 4229 .

134 4243 206 4296 Edd.
219 4252 281 4298 ante
316 4283 324 4313 ,
346 4245 468 4299 VabRM.
487 4263 517 4299 τε
525 4263 576 4301 ναι.
590 4245 671 4315 rung
704 4240 791 4300 αύτόν
807 4245 1003 4314 AXKFVnAg.
