2872 4846
139 248 237 312 mv
303 313 305 319 ,
507 246 920 312 leudeberto.

20 410 25 415 ¹
141 419 287 492 audimus
302 421 343 492 de
352 422 508 494 codicibus
517 420 675 492 Romanis
686 443 720 512 p.
726 421 810 491 Xlll
824 422 1051 491 disserentem:
1064 423 1163 514 „Due
1170 444 1287 494 mano·

143 527 246 595 scritti
259 547 341 595 sono
356 530 388 593 in
400 525 520 618 Roma,
532 547 596 595 uno
611 527 644 593 al
656 526 814 593 Vaticano
829 525 861 592 di
873 531 975 616 carta,
1001 525 1056 593 del
1070 529 1177 596 secolo
1191 527 1288 618 XVl,

143 627 244 695 netto
253 625 457 697 Bibliotecu
467 625 1290 720 Palatinusegnotootnumcr056,edunoalla

144 730 322 801 Biblioteoa
333 731 495 824 Angelica
508 728 597 799 cet.“
617 737 651 799 et
667 728 865 820 catalogum
883 730 1103 799 Bibliothecae
1122 731 1290 801 Palatinae

11 888 16 899 .
145 833 432 926 Heidelbergensis
446 832 569 902 alt'rid.
584 830 767 923 Sylburgio
780 833 959 902 coniectum
974 831 1206 925 (Monumenta
1217 837 1291 925 pie-

146 938 224 1006 tatis
237 942 270 1005 et
281 937 455 1006 hiteraria.
479 934 632 1006 Francos.
647 959 680 1027 p.
696 929 781 1025 21.)
792 937 973 1026 inspicimus
986 938 1018 1003 in
1033 958 1094 1025 quo
1106 957 1223 1004 revera
1235 939 1291 1004 sub

148 1058 282 1107 numero
304 1037 366 1108 56.
397 1036 580 1108 Pausaniae
598 1037 755 1128 Graecia,
789 1037 939 1109 distincta
955 1041 989 1104 in
1008 1037 1135 1129 Attica,
1168 1035 1293 1108 eonn-

148 1139 257 1213 chiac
269 1147 331 1211 cet
346 1139 462 1211 additis
474 1142 507 1208 in
520 1143 666 1232 margine
678 1141 827 1208 brevibus
839 1143 1038 1232 summariis,
1063 1139 1122 1208 iol.
1137 1142 1294 1209 describi-

149 1249 221 1334 tur,
247 1244 316 1332 quis
336 1243 466 1314 tandem
479 1242 520 1311 de
533 1242 654 1312 duobus
667 1243 756 1310 libris
770 1241 905 1309 diversis
919 1262 1100 1310 sermonem
1112 1263 1186 1312 csse
1199 1243 1298 1312 facile

150 1345 211 1412 sibi
222 1343 450 1435 persuadebit?
500 1344 626 1413 Paucas
640 1352 765 1415 tantum
776 1346 965 1416 contulimus
979 1347 1129 1434 paginas.

10 1502 19 1537 ,Ι
119 1480 120 1484 =
256 1442 328 1536 18)
348 1446 467 1517 (lodex
488 1446 697 1515 Monacensis
717 1446 794 1514 404
819 1441 941 1539 (Mo),
971 1447 1047 1514 olim
1069 1446 1296 1537 Augustanus,

151 1550 354 1642 chartaceus,
373 1549 449 1640 fol,
471 1551 810 1639 manurecentissima,
825 1551 969 1637 sacculo,
993 1556 1029 1617 ut
1041 1547 1179 1639 videtur,
1199 1549 1295 1616 XVl.

151 1652 308 1743 scriptus,
335 1654 478 1722 continet
497 1651 572 1718 libb.
586 1652 614 1718 l.
630 1651 674 1718 11.
696 1658 729 1720 et
748 1653 878 1720 tertium
896 1670 998 1740 usque
1016 1651 1058 1718 ad
1076 1653 1176 1717 verba
1188 1652 1297 1718 τούτου

153 1755 188 1819 δὲ
207 1759 263 1818 τοῦ
285 1761 373 1841 κριοῦ
386 1753 547 1840 γεμιζούσῃ
561 1761 600 1841 τῇ
613 1761 657 1818 ev
668 1793 725 1832 -,
752 1773 822 1842 cap.
840 1752 900 1843 13,
915 1753 951 1820 3.
991 1749 1190 1821 Conferendi
1204 1753 1245 1821 de
1259 1773 1298 1822 eo

24 1928 28 1935 ,
152 1852 274 1924 Reiser
284 1855 318 1921 in
330 1857 434 1924 indice
440 1854 602 1926 lllstorum
612 1854 824 1924 bibliothecae
830 1853 1046 1945 Augustanae
1059 1879 1091 1945 p.
1101 1855 1163 1922 68.
1177 1879 1228 1923 nr.
1238 1855 1299 1923 29.

154 1963 189 2026 et
200 1955 307 2027 fluct
320 1958 417 2028 catal.
431 1964 543 2027 mstor.
556 1955 687 2027 Monac.
701 1956 744 2023 P.
757 1955 817 2047 lv,
831 1978 864 2046 p.
875 1955 961 2026 250.
975 1957 1120 2025 nr.404.
1144 1957 1301 2049 Magnam

48 2086 53 2094 ¹
154 2059 224 2127 eius
237 2059 426 2128 contulimus
440 2067 577 2149 partem.

255 2158 379 2233 Exstat
401 2169 572 2252 praeterea
598 2159 813 2250 fragmentum
834 2157 1018 2230 Pausaniae
1043 2164 1075 2227 in
1100 2159 1302 2231 Bibliotheca

153 2259 266 2354 Regia
276 2261 461 2334 Matritensi
481 2285 502 2329 a
520 2285 616 2331 manu
626 2261 833 2332 Constantini
845 2261 998 2329 bassaris
1021 2265 1184 2354 scriptum,
1209 2269 1303 2329 Hav-

156 2368 262 2431 σανίου
281 2366 518 2454 locopcoypoipoo
534 2367 665 2452 ἱστορίαι
671 2413 682 2445 ,
696 2405 734 2415 -
749 2384 850 2454 usque
863 2361 905 2429 ad
923 2367 970 2427 ἐπὶ
988 2372 1048 2429 τῶν
1061 2369 1169 2449 τοίχων
1182 2374 1237 2430 τοῦ
1252 2370 1304 2451 ye'-

64 2516 69 2524 .
156 2492 230 2544 νους
244 2469 368 2533 ciolred
381 2471 545 2548 βουταδῶν
565 2471 616 2532 καὶ
636 2470 761 2532 διπλοῦν
784 2465 842 2554 γάρ
859 2469 922 2530 ἐστι
937 2504 975 2517 ·-
992 2488 1063 2555 cap.
1079 2466 1140 2558 26,
1157 2466 1192 2536 5.
1246 2466 1301 2540 Of.

156 2566 273 2643 lrierte
286 2566 377 2662 Reg·
390 2566 475 2636 Bibl.
489 2567 590 2638 Matr.
604 2565 696 2637 codd.
711 2589 764 2658 gr.
778 2587 856 2634 mss.
869 2566 984 2636 XXV.
998 2587 1030 2656 p.
1047 2567 1121 2637 120
1133 2593 1181 2661 sq.

595 2804 876 2819 —u———w-o-—oae-

260 2975 329 3045 Iam
341 2979 519 3066 praemissa
532 2977 676 3046 codicum
687 2973 803 3042 notitia
818 2972 990 3042 videndum
1004 2984 1054 3047 est
1069 2975 1235 3044 decorum
1250 2974 1306 3041 ai-

159 3075 281 3148 dnitate
293 3086 389 3169 atque
402 3079 530 3171 indole,
557 3101 619 3168 quo
634 3073 760 3142 facilius
775 3074 816 3142 de
829 3079 1074 3166 uniuscuiusque
1086 3081 1189 3169 pretio
1203 3078 1307 3166 possit

159 3180 306 3247 iudicari.
356 3178 464 3249 Primo
479 3182 588 3249 statim
609 3178 720 3246 obtutu
739 3177 1018 3249 animadvertimus
1033 3182 1157 3248 nrdlum
1176 3178 1306 3246 saeculo

43 3336 46 3341 .
158 3279 245 3349 XIV
258 3298 333 3347 esse
346 3283 566 3370 antiquiorem,
581 3276 733 3368 quosdam
744 3299 844 3367 usque
856 3281 889 3346 in
901 3280 1064 3350 saeculum
1073 3283 1157 3350 XVI
1167 3282 1308 3349 descen-

160 3380 252 3461 dere.
304 3379 495 3453 Aoeuratius
516 3383 721 3471 inspicientes
741 3380 860 3471 libros,
888 3390 1040 3471 quotquot
1060 3388 1202 3453 existunt
1216 3382 1309 3451 Pau-

150 3483 273 3555 saniae
286 3482 413 3553 codices
427 3503 469 3550 ex
481 3502 546 3551 uno
559 3481 649 3552 fonte
664 3502 763 3570 eoque
775 3502 838 3549 non
851 3483 1020 3551 admodum
1034 3489 1162 3574 antiquo
1177 3485 1311 3553 duxisse

160 3587 242 3658 aas
255 3592 325 3657 tuto
338 3605 509 3675 possumus
524 3584 726 3674 concludere,
751 3606 848 3672 quare
871 3586 1048 3654 abiicienda
1071 3596 1122 3658 est
1142 3609 1216 3678 spes
1237 3587 1310 3655 fore

161 3684 394 3777 utaliquando
419 3674 599 3752 Pausanias
625 3687 804 3776 integritati
829 3707 909 3754 suae
936 3693 1141 3779 restituatur,
1187 3689 1310 3757 mendis

162 3789 373 3877 emaculetur,
398 3787 535 3855 vulnera
546 3790 698 3878 temporis
715 3795 747 3857 et
760 3788 962 3857 librariorum
975 3793 1069 3881 culpa
1083 3792 1202 3858 indicta
1216 3789 1312 3855 deni-

124 3944 130 3957 .
163 3909 225 3982 que
237 3894 404 3956 sanentur.
456 3889 631 3958 Possumus
643 3888 769 3980 quidem
780 3891 923 3959 codicum
935 3893 1099 3981 hucusque
1112 3893 1313 3978 cognitorum

138 3982 228 4079 ὀρθ
252 3990 385 4078 propius
411 3990 563 4060 accedere
588 3991 630 4060 ad
654 3991 789 4061 formam
815 3996 885 4061 eius
906 3993 1024 4060 codicis
1050 3990 1207 4082 deperditi
1228 3988 1313 4058 unde
1345 3992 1348 3995 ’

164 4090 270 4159 nostri
295 4108 405 4159 omnes
429 4102 580 4186 tanquam
605 4115 625 4162 e
650 4093 742 4165 fonte
767 4094 924 4161 communi
953 4096 1093 4181 quamvis
1120 4113 1179 4183 per
1205 4094 1314 4161 varios

166 4191 291 4260 rivulos
309 4189 495 4269 derivantur
501 4219 514 4289 5
542 4204 577 4267 at
597 4216 680 4287 quae
697 4197 731 4264 in
750 4193 808 4262 illo
827 4193 908 4261 libro
930 4194 994 4264 iam
1018 4202 1111 4266 eraut
1125 4194 1315 4288 depravata,
