2872 4846
103 326 106 332 ,
209 237 366 308 xxxam
583 235 992 300 rnnnrnrro.

144 414 151 421 ’
179 397 183 405 x
211 413 244 480 in
256 411 405 480 subsidiis
419 409 593 503 collocare,
618 415 755 504 singulis
775 412 816 480 ad
838 413 988 480 amussim
1006 415 1115 501 partes
1136 415 1213 479 suas
1226 411 1356 481 deferre

213 516 336 604 solent3
355 520 525 605 praeterea
535 517 634 582 variis
645 518 825 608 praeceptis
839 515 1023 606 regulisque
1037 511 1096 581 us'u
1110 516 1199 603 quasi
1212 517 1357 608 sancitis,

214 618 324 708 quales
345 623 419 686 sunt
439 637 458 684 e
474 638 606 687 numero
622 627 655 688 et
666 619 727 688 fide
740 620 882 688 codicum
894 619 1048 686 lectiones
1063 637 1137 685 esse
1154 621 1357 687 constituen-

213 720 290 813 das,
315 719 484 788 lectionem
504 720 711 790 difficiliorem
729 721 973 814 praeferendam
992 740 1066 787 esse
1079 720 1216 789 faciliori
1229 728 1262 789 et
1277 741 1357 810 quae

212 831 288 895 sunt
298 823 454 913 reliquae,
477 825 588 913 quibus
600 829 743 895 omnibus
755 828 899 894 veritatis
913 822 1030 911 aliquid
1044 830 1078 890 at
1090 844 1155 893 non
1168 827 1290 892 veritas
1303 826 1358 890 in-

213 931 265 994 est
277 963 325 976 -
339 925 391 992 his
400 927 540 1018 regulis,
561 928 699 1021 inquam,
720 937 839 996 artem
852 929 992 995 criticam
1006 928 1038 992 in
1053 925 1271 1016 disciplinae
1285 925 1359 996 for-

211 1048 297 1098 mam
310 1028 462 1120 redigere
476 1032 582 1098 eonati
593 1039 679 1102 sunt.
727 1033 831 1117 Quam
843 1052 911 1098 rem
923 1031 952 1097 si
964 1049 983 1096 e
997 1029 1123 1097 theoria
1137 1035 1260 1098 tantum
1275 1050 1358 1097 con-

212 1133 347 1201 stituere
359 1132 472 1199 liceret
491 1134 560 1222 quis
578 1140 629 1203 est
649 1137 700 1224 qui
719 1131 900 1226 improbati
950 1132 1115 1201 Lubenter
1127 1133 1209 1201 adeo
1223 1132 1359 1201 eonfite-

117 1300 119 1304 ,
212 1255 303 1327 mur,
328 1237 407 1304 utile
426 1236 489 1304 imo
510 1240 729 1305 necessarium
749 1258 823 1307 esse
842 1243 877 1305 ut
895 1235 1039 1304 terminis
1061 1233 1244 1324 quibusdam
1263 1243 1359 1325 atque

212 1338 337 1427 regulis
356 1339 626 1408 circumscribatur
645 1362 699 1408 ars
722 1347 834 1409 nostra
855 1359 896 1406 ne
915 1338 957 1405 ad
978 1359 1100 1405 merum
1120 1340 1285 1406 arbitrium
1305 1357 1359 1404 res

212 1439 339 1530 redeat3
366 1447 401 1508 at
420 1442 488 1529 quis
508 1447 560 1510 est
582 1445 633 1531 qui
652 1445 790 1533 neseiat,
817 1464 881 1511 non
901 1463 920 1509 e
943 1440 1085 1509 codicum
1104 1462 1237 1509 numero
1257 1459 1359 1528 neque

212 1543 295 1612 adeo
317 1563 359 1611 ex
380 1543 452 1612 sola
472 1564 583 1613 eorum
602 1547 798 1636 praestantia
819 1544 982 1612 diiudicari
1002 1546 1173 1613 lectionum
1195 1538 1359 1632 pretium?

211 1647 274 1714 lrae
288 1648 438 1737 ringulae
450 1667 510 1736 per
526 1668 563 1716 se
575 1654 651 1717 sunt
665 1648 917 1737 examinandae3
944 1668 962 1714 e
976 1647 1149 1715 lectionum
1160 1647 1360 1736 praestantia

211 1755 475 1840 argumentamur
494 1749 535 1817 de
557 1751 673 1820 codicis
692 1755 809 1843 pretio,
831 1772 896 1819 non
913 1752 984 1818 vice
1005 1770 1119 1837 versa3
1145 1751 1275 1817 nonita
1295 1749 1360 1816 rari

211 1854 297 1920 enirn
319 1858 394 1920 sunt
413 1850 495 1943 loci,
521 1854 573 1922 ubi
587 1856 695 1946 optimi
709 1857 822 1943 quique
836 1853 960 1921 codices
976 1855 1007 1918 in
1022 1849 1206 1941 corruptela
1218 1871 1360 1920 consen·
1390 1923 1393 1929 ,

211 1957 293 2025 tiunt
305 1960 340 2023 et
349 1955 445 2024 lectio
457 1959 612 2047 genuina,
633 1959 725 2026 unice
744 1978 836 2047 vera,
854 1959 887 2022 in
906 1955 1063 2025 codicibus
1079 1953 1249 2023 deterioris
1263 1961 1376 2023 notae

211 2059 371 2126 invenitur
389 2060 444 2127 vel
465 2060 498 2125 in
518 2081 581 2128 uno
604 2068 726 2129 tantum
747 2061 951 2146 caeteroquin
973 2056 1113 2126 fortasse
1126 2059 1264 2149 pessimo
1278 2057 1360 2126 libro

211 2160 380 2229 delitescit.
417 2160 525 2246 Quare
539 2182 698 2251 operosae
711 2164 759 2229 illi
771 2162 981 2230 distributioni
994 2162 1026 2226 in
1040 2159 1181 2251 ordines,
1208 2162 1360 2251 familias,
1385 2192 1389 2199 ·

213 2264 336 2332 classes
356 2260 436 2355 (per
455 2281 493 2331 se
511 2267 694 2354 neutiquam
712 2263 934 2355 reprobandae
953 2265 992 2330 ob
1016 2262 1152 2330 fructum
1174 2267 1228 2350 qui
1240 2264 1314 2332 inde
1328 2264 1362 2329 in

100 2425 103 2430 .
211 2363 405 2433 historiam
419 2364 628 2434 literarium
640 2367 822 2436 redundare
836 2367 974 2455 videtur,
993 2368 1182 2456 praesertim
1194 2370 1246 2436 ubi
1258 2367 1361 2456 multi,

211 2471 329 2538 vetusti
348 2474 381 2536 et
400 2489 419 2536 e
441 2468 576 2538 diversis
596 2470 736 2541 fontibus
759 2471 891 2540 oriundi
903 2469 1030 2538 codices
1044 2471 1235 2560 superstites
1252 2462 1362 2559 sunt),

209 2575 242 2641 in
268 2569 442 2639 factitando
467 2575 542 2640 crisi
568 2579 690 2641 tantum
716 2576 867 2643 momenti
892 2571 1070 2640 concedere
1099 2594 1164 2640 non
1191 2591 1361 2662 possumus

116 2691 121 2695 ·
211 2681 361 2766 quantam
383 2695 404 2740 a
422 2677 531 2742 multis
552 2677 645 2744 tribui
667 2675 829 2763 videmus3
856 2675 975 2742 viritim
1001 2675 1105 2763 enim,
1132 2693 1197 2739 non
1218 2676 1362 2740 curiatim

209 2776 384 2869 probantur
402 2782 515 2844 testes.
566 2779 752 2846 Lectionem
775 2798 854 2845 vero
876 2774 1087 2841 difficiliorem
1115 2773 1362 2864 praeferendam

211 2899 286 2948 esse
311 2879 449 2947 faciliori
472 2900 534 2947 nec
557 2882 660 2970 ipsum
686 2880 811 2948 omnino
835 2898 949 2945 verum
969 2881 1139 2968 putamus3
1178 2876 1362 2945 difficillima

212 2983 297 3049 enim
309 2983 473 3051 intellectu
486 3005 526 3051 ea
539 2989 613 3052 sunt
625 3003 705 3073 quae
719 3004 818 3049 sensu
831 2987 960 3067 carent3
983 2985 1017 3045 at
1029 3000 1122 3047 nemo
1137 2980 1175 3046 iis
1189 2988 1361 3071 propterea

179 3084 182 3089 '
210 3086 474 3174 praerogativam
501 3087 659 3175 quandam
685 3106 759 3152 esse
785 3081 1020 3152 concedendam
1048 3080 1145 3149 facile
1171 3082 1361 3171 affirmabit3

212 3187 466 3275 corruptelarum
485 3209 603 3256 causae
623 3195 688 3256 tam
709 3190 821 3257 variae
841 3192 915 3254 sunt
939 3191 972 3253 et
990 3185 1163 3253 lectionum
1184 3189 1361 3254 varietates

211 3295 277 3357 tam
296 3286 449 3357 fortuitae
468 3295 504 3358 ut
523 3291 579 3356 sub
601 3291 732 3381 regulas
752 3296 785 3358 et
806 3289 848 3354 ad
860 3309 1006 3355 normam
1019 3289 1124 3377 subigi
1140 3311 1205 3357 non
1218 3293 1362 3378 possint3

211 3390 253 3458 ad
273 3393 417 3460 rationes
438 3395 522 3460 enirn
543 3391 664 3460 frustra
682 3393 835 3459 reducere
848 3410 1001 3456 conamur
1015 3410 1095 3476 quae
1108 3411 1128 3453 a
1142 3393 1267 3456 ratione
1280 3414 1362 3481 pro-

210 3493 298 3564 fecta
312 3516 377 3564 non
390 3502 482 3584 sunt3
516 3494 648 3565 fortuita
667 3500 775 3563 autem
798 3494 835 3562 ob
858 3489 890 3557 id
908 3493 1013 3581 ipsum
1033 3497 1106 3558 sunt
1126 3489 1259 3561 fortuita
1279 3494 1363 3584 quod

180 3659 184 3665 .
211 3600 336 3668 ratione
350 3604 474 3666 carent.

268 3744 271 3749 ,
313 3698 454 3770 Codices
466 3701 664 3788 Pausaniae,
691 3706 725 3773 nt
747 3719 844 3789 supra
865 3695 1021 3785 vidimus,
1046 3715 1149 3783 neque
1163 3701 1363 3788 praestantia

212 3821 315 3893 neque
326 3811 489 3874 vetustate
503 3801 781 3891 commendantur,
794 3837 797 3843 <
809 3806 981 3891 praeterea
1005 3818 1047 3864 ex
1066 3820 1129 3865 uno
1151 3799 1239 3868 fonte
1261 3822 1362 3891 eoque

211 3906 292 3972 satis
308 3908 434 3977 turbato
449 3927 559 3976 omnes
574 3904 772 3993 derivantur,
799 3924 892 3992 quam
914 3905 953 3971 ob
976 3921 1106 3968 eausam
1126 3903 1158 3968 in
1178 3905 1265 3992 puris
1278 3907 1362 3994 putis

211 4010 402 4099 corruptelis
423 4010 612 4100 saepissime
634 4007 870 4077 eonsentientes
895 4004 1163 4093 deprehendimus
1188 4008 1240 4073 ubi
1259 4007 1364 4075 codex

210 4109 266 4176 ille
282 4113 450 4202 primarius
467 4116 531 4179 iam
553 4115 624 4178 erat
636 4114 817 4198 corruptus.
869 4107 980 4174 Facile
1003 4105 1077 4173 nde
1099 4116 1234 4198 apparet
1253 4111 1285 4175 in
1305 4131 1364 4179 re-

211 4214 373 4284 censendo
387 4214 548 4285 Pausania
569 4215 655 4284 viam
676 4213 802 4281 omnino
822 4211 984 4279 diversam
996 4230 1071 4278 esse
1084 4211 1256 4281 ineundam
1271 4215 1310 4282 ab
1325 4233 1365 4284 ea
