2872 4846
182 220 225 317 'ec
341 244 344 249 ’
441 238 456 257 ‘
645 250 833 308 Arrius

187 419 461 508 οἰκοδομοῦντες
480 411 610 511 ἤροντο
637 409 706 487 σόν
727 417 893 510 χλευασίᾳ
923 407 946 484 ό
978 438 1011 483 τι
1037 407 1081 506 δὴ
1110 412 1303 505 παρθένος

188 512 436 614 ίνοῖρηιγιίμου
449 524 617 591 πλανᾶται
630 513 729 612 μόνη.
765 512 904 613 Θησεύς
919 517 956 586 δὲ
985 510 1069 586 ἄλλο
1092 516 1155 606 μὲν
1169 509 1305 603 αὐτοῖς

126 706 129 710 ,
188 616 359 717 ἐδήλωσεν
384 614 508 712 οὐδὲν,
533 615 715 707 ἀπολύσας
741 622 797 709 (ii,
827 616 876 706 ὡς
899 621 1045 712 λέγεται,
1074 624 1138 714 τῆς
1159 612 1303 713 ἁμάξης

186 719 274 811 τούς
294 729 386 817 βοῦς
414 718 438 818 ἥ
475 740 577 818 σφισι
603 729 739 817 παρῆν,
768 717 831 794 τόν
851 716 1026 815 ὄροφον4
1050 713 1238 814 όνίῤῥιιίιεν
1262 724 1306 808 ἐς
1349 816 1353 822 1

187 820 408 922 ὑψηλότερον
436 818 460 921 ἢ
489 831 538 922 τῷ
563 831 636 923 ναῷ
663 818 726 920 τὴν
753 827 874 918 στέγην
898 828 1094 894 ἐποιοῦντο.
1158 826 1215 916 (2)
1236 815 1304 911 Ἐς

161 923 283 1000 wico
312 931 442 1023 χωρίον
465 921 487 1000 ὃ
500 923 651 1022 Κήπους
666 923 881 1018 ὀνομάζουσι
896 927 914 972 ⁵
941 928 998 996 καί
1014 930 1077 1019 τῆς
1089 920 1304 1020 Ἀφροσίιης

185 1024 273 1102 τόν6
303 1025 391 1102 ναόν
415 1024 535 1117 οὐδεὶς
558 1024 742 1122 λεγόμενός
765 1044 889 1124 σφισιν
909 1030 981 1100 ἐστί
1001 1022 1125 1123 λόγος·
1161 1022 1209 1099 οὐ
1227 1021 1303 1123 μὴν

80 1210 86 1223 „
186 1125 272 1203 οὐδὲ
286 1135 323 1218 ἐς
336 1127 399 1228 τὴν
410 1127 615 1227 Ἀφροδίτην
644 1127 756 1228 ἢτοῦ
774 1137 866 1203 ναοῦ
881 1133 1027 1225 πλησίον
1049 1133 1175 1224 ἕστηκε.
1210 1126 1299 1202 ταύ-

186 1259 250 1328 της
275 1229 340 1328 γὰρ
359 1240 472 1330 σχῆμα
494 1235 556 1327 μὲν
572 1231 786 1329 τετράγωνον
808 1227 896 1304 κατὰ
916 1227 1026 1304 ταύτὰ
1047 1235 1105 1303 καί
1128 1228 1297 1326 τοῖςῈρ

185 1349 287 1426 μοῖς,
318 1331 360 1409 τό
374 1337 411 1409 δὲ
428 1341 620 1431 ἐπίγραμμα
639 1339 795 1431 σημαίνει
815 1329 879 1431 τὴν
894 1329 1072 1429 Οὐρανίαν
1085 1329 1298 1430 Ἀφροδίτην

185 1442 255 1510 τῶν
271 1442 495 1530 καλουμένων
510 1445 657 1535 Μοιρῶν
672 1437 783 1510 εἶναι7
804 1431 1055 1533 πρεσβυτάτην.
1082 1429 1123 1507 τό
1139 1437 1176 1507 σὲ
1193 1432 1298 1531 ἄγαλ

184 1568 232 1631 μα
245 1545 308 1635 τῆς
318 1537 525 1636 Ἀφροδίτης
541 1543 576 1614 ἐν
591 1556 666 1628 τοῖς
682 1535 821 1636 Κήποις
836 1544 937 1636 ἔργον
951 1541 1042 1611 ἐστίν
1054 1533 1297 1630 Ἀλκαμένους,
1317 1612 1326 1619 ,

158 1644 241 1712 σκαί
263 1649 334 1715 τῶν
359 1638 544 1738 Ἀθήνησιν
568 1647 603 1716 ἓν
624 1639 744 1738 λόγοις
768 1646 856 1729 θέας
880 1639 987 1728 ἄξιον.
1042 1645 1113 1734 (3)
1131 1636 1228 1713 ’Ἐστι
1258 1643 1298 1714 δὲ

175 1738 392 1832 Ἡρακλέους
410 1741 505 1839 ίερόν
516 1741 760 1838 καλούμενον8
777 1741 1024 1838 Κυνόσαργες·
1046 1739 1160 1814 καὶτὰ
1178 1744 1241 1834 μὲν
1257 1747 1297 1832 ἐς

181 1839 246 1938 τὴν
263 1841 357 1919 κύνα
375 1850 501 1919 είόίυαι
521 1843 584 1943 την
605 1843 733 1944 λευκὴν
759 1844 1011 1937 ἐπιλεξαμένοις
1035 1849 1105 1918 ἔστι
1130 1840 1195 1917 τόν
1210 1872 1296 1943 χρη·

57 1984 61 1991 ·
183 1941 294 2036 σμόν·
320 1951 435 2041 βωμοί
456 1952 495 2021 (ii
511 1947 858 2043 είσιν9Ἥρακλίους
879 1977 914 2020 τε
934 1944 1125 2043 καίἮβης,
1147 1942 1191 2042 ἣν
1205 1944 1298 2037 Διός

181 2054 290 2122 παῖσα
303 2036 417 2124 οὖσαν
431 2065 608 2125 συνοικείν
620 2048 781 2147 Ἡρακλεῖ
802 2055 1021 2143 νομίζουσιν·
1051 2045 1234 2146 Ἀλκμήνης
1256 2078 1295 2125 τε

182 2255 321 2327 accessit,
356 2256 496 2334 rogatum
515 2277 569 2335 per
590 2256 766 2316 illusionem
788 2255 825 2312 ab
847 2256 903 2330 iis,
935 2257 987 2334 qui
1011 2255 1169 2333 fastigium
1190 2256 1294 2333 erige·
1370 2310 1378 2327 ,

181 2335 272 2410 baut,
301 2336 373 2416 quid
394 2342 437 2399 ita
458 2343 571 2401 nubilis
592 2345 678 2420 virgo
701 2343 767 2399 sola
789 2351 917 2398 erraret:
955 2360 1084 2419 eumque
1106 2338 1185 2396 nihil
1207 2341 1296 2401 eliud

182 2421 390 2499 respondisse,
413 2425 468 2483 sed
491 2425 648 2486 disimictis
672 2446 690 2483 a
712 2426 871 2504 plaustro,
902 2424 983 2504 quod
1004 2427 1037 2481 in
1058 2428 1197 2503 proximo
1218 2437 1295 2501 erat,
1379 2468 1387 2483 .

180 2505 298 2582 bobus,
329 2510 451 2568 culmen
486 2513 595 2592 templi
622 2513 729 2584 altius,
766 2528 858 2590 quam
890 2511 969 2568 fabri
1002 2520 1183 2584 statuerant,
1218 2531 1295 2590 pro·

178 2592 295 2650 iecisse.
348 2591 394 2672 (2)
419 2599 464 2654 De
487 2617 523 2655 ea
544 2617 615 2657 vero
643 2594 725 2653 urbi's
755 2597 948 2672 regiuncula,
978 2614 1070 2673 quarn
1093 2598 1201 2652 Hortos
1235 2617 1295 2654 vo-

180 2685 267 2751 cant,
296 2686 327 2733 et
347 2681 472 2741 Veneris
498 2683 536 2741 ,in
566 2701 602 2738 ea
623 2681 739 2759 templo
766 2682 930 2759 signoque,
962 2678 1043 2757 quod
1070 2681 1184 2757 templo
1208 2679 1295 2738 adsi-

180 2760 249 2832 stit,
277 2759 388 2836 figura,
418 2775 452 2820 ut
476 2767 621 2838 Hennae,
653 2761 821 2844 quadrata,
855 2761 933 2820 nihil
954 2762 1014 2819 fide
1038 2762 1165 2840 dignum
1187 2774 1232 2822 est
1252 2767 1293 2822 ab

180 2839 415 2904 Atheniensibus
444 2846 623 2906 traditum·
655 2851 852 2927 Epigramma
883 2857 985 2904 autem
1018 2847 1152 2923 indicat,
1190 2851 1292 2906 coele-

180 2935 260 2984 stem
280 2928 430 2988 Venerem
458 2952 539 3006 essa,
570 2951 693 3007 earum,
728 2952 806 3012 quae
831 2935 946 2989 Parcae
976 2933 1185 3010 appellantur,
1215 2945 1292 2992 natu

180 3014 359 3074 maximam.
403 3015 465 3074 Sed
484 3014 565 3095 quod
586 3020 619 3074 in
639 3016 736 3077 hortis
759 3020 882 3095 sIgnum
904 3018 1029 3075 Veneris
1051 3029 1119 3091 est,
1148 3020 1291 3077 Alcame-

178 3098 226 3154 nis
255 3116 328 3174 opus
358 3099 432 3175 fuit,
469 3112 498 3159 et
526 3104 604 3159 inter
633 3122 686 3177 ea,
726 3121 804 3181 quae
831 3098 961 3159 Athenis
992 3120 1062 3158 cum
1090 3100 1290 3161 admiratione

178 3190 367 3259 spectantur,
388 3203 477 3244 suum
498 3188 614 3245 obtinet
634 3189 748 3246 locum.
806 3182 853 3262 (3)
878 3188 934 3242 Bo
957 3189 1048 3243 eiiam
1072 3189 1209 3246 Herculis
1233 3187 1289 3245 de-

177 3261 320 3340 lubrum,
354 3271 437 3350 quod
466 3273 653 3350 Cynosarges
683 3272 816 3329 dicitur:
862 3290 896 3327 ac
923 3289 1000 3349 quae
1036 3270 1072 3328 de
1109 3273 1178 3328 alba
1215 3293 1288 3330 cane

177 3347 332 3426 dicuntur,
354 3357 429 3413 scire
450 3358 521 3414 licet
548 3360 595 3430 iis,
618 3358 672 3434 qui
693 3355 848 3413 oraculum
869 3357 1009 3431 legerint.
1052 3356 1098 3412 Ibi
1121 3376 1191 3413 arae
1217 3369 1288 3416 suut

176 3437 331 3512 Herculis,
361 3451 391 3498 et
412 3444 528 3515 Hebes,
566 3459 658 3520 quam
679 3441 759 3497 Iovis
782 3436 892 3511 filiam,
929 3450 958 3495 et
982 3459 1051 3496 cum
1074 3444 1204 3500 Hercule
1226 3463 1287 3499 nu-

208 3618 234 3671 4.
260 3615 312 3671 τόν
336 3613 446 3686 ὄροφον
466 3618 603 3672 σολοικίσαι
621 3624 712 3670 censet
745 3619 816 3670 sorte
833 3627 993 3689 propterea,
1015 3622 1086 3692 quod
1101 3621 1193 3674 verbis
1219 3616 1286 3673 οὐδὲ

174 3685 271 3739 Rosius
295 3687 354 3738 ιδ.
378 3685 511 3739 laudatus.
538 3680 665 3754 ,,ίίροφος
682 3686 710 3739 h.
745 3704 840 3741 novam
857 3688 980 3757 pagiuam
1003 3690 1165 3760 inciperet-‘⁴
1195 3690 1284 3744 Reos.

174 3752 192 3804 Ι.
212 3754 320 3806 τίσεται
339 3752 362 3805 si
400 3771 491 3807 reare
509 3754 597 3824 iugum
614 3754 657 3807 vel
674 3754 710 3806 ti-
746 3756 804 3808 MS.

174 3771 441 3954 aessffi‘uf‘ss‘
456 3824 518 3876 MS·
542 3834 597 3877 tum
615 3818 710 3891 ἀνέρι·
745 3842 806 3959 ν7.
832 3833 974 3894 εἶναιτῶν
988 3844 1051 3895 καλ.
1068 3841 1175 3909 μοιρῶν
1187 3842 1284 3911 πρεσβ.
1333 3859 1336 3866 ·
1366 3840 1371 3848 ’

209 3958 238 4010 5⁶
256 3926 442 4028 ὀνομάζουσιν
454 3953 621 4046 ἰοὖὸῗὶςὸ
634 3953 710 4028 md*
771 3926 807 4048 ἃό.
827 3990 916 4047 καλοό
936 4011 1001 4047 ενον
1014 3992 1138 4046 MVan.
1151 4009 1202 4043 om.

173 4042 301 4092 μενος-
314 4025 427 4096 ἕστηκεν
440 4046 579 4098 -ερμοις
593 4029 644 4097 Ag.
916 4013 935 4063 μ

210 4096 236 4146 6.
264 4089 329 4163 τόν,
351 4091 465 4168 isuper
484 4094 573 4164 ιἰ,Μ.
599 4113 658 4150 mox
675 4091 710 4149 οὗ
777 4099 805 4150 9.
832 4092 885 4149 είαι
898 4090 946 4162 ἧς.
960 4094 996 4147 N.
1012 4121 1047 4132 -
1066 4094 1116 4161 Sq.
1142 4110 1171 4144 τε
1190 4094 1284 4147 οιο.Ν

201 4154 208 4175 λ

171 4178 229 4298 μην
251 4178 302 4218 cm.
325 4164 375 4219 Lb.
397 4168 445 4237 Sq.
466 4160 494 4228 ἐς
510 4184 561 4219 om.
576 4165 626 4218 La.
658 4160 711 4231 „ori
745 4165 838 4219 VaLb.
870 4181 930 4218 mox
942 4166 1071 4215 συνοικεῖ
1083 4162 1135 4216 Va.
1156 4155 1283 4232 ἄλκμήνη

172 4249 191 4298 μ
229 4233 305 4288 abest
332 4237 429 4290 ecod.
473 4237 561 4290 Credo
580 4233 711 4289 excidisse
743 4251 773 4288 τε
787 4233 837 4287 Lo.
