2872 4846
242 298 307 360 5⁴4
651 291 941 355 AAKuNIKA

245 459 401 559 γυναιξὶν
421 462 511 532 ἔστιν
532 456 634 554 ὁρᾶν·
669 475 830 555 γυναῖκες
852 456 917 556 γὰρ
940 455 984 555 (lai
997 458 1029 506 ¹⁵
1051 455 1156 551 μόναι
1176 461 1235 531 καλ
1256 454 1300 531 τὰ
1324 463 1361 546 ἐς

211 567 228 624 4
247 561 310 653 τὰς
324 569 456 650 θυσίας
471 569 601 657 ὁρῶσιν
618 567 653 635 ἐν
671 559 866 660 ἀπορρήτῳ.
920 567 976 656 (ὃ)
1002 558 1103 656 ’Ἆκρα
1119 563 1157 633 δὲ
1171 569 1241 634 τοῦ
1263 567 1360 634 Ταϋ-

244 673 349 766 γέτου
374 662 523 739 Ταλετὸν
546 663 635 754 ὑπὲρ
669 673 834 760 Βρυσεῶν
843 665 875 713 ¹⁶
904 660 1020 760 οἰνέγει.
1081 660 1212 760 ταύτην
1229 661 1360 737 Ἡλίου

246 778 415 845 καλοῦσιν
436 765 549 863 ἱερὰν,
573 772 630 840 καλ
644 765 730 840 ἄλλα
749 798 783 841 τε
808 764 938 840 αὐτόθι
949 765 1054 864 Ἡλίῳ
1072 763 1212 840 θύουσι
1230 770 1288 839 καὶ
1304 774 1358 840 ἵπ-

247 898 356 961 πους·
384 869 423 944 τὰ
442 875 479 944 δὲ
496 867 656 944 αὐτὸκαὶ
677 876 817 961 Πέρσας
834 871 914 943 οἶδα
926 866 1029 943 θύειν
1042 876 1258 962 νομίζοντας.
1289 877 1358 943 Τα-

247 984 351 1051 λετοῦ
370 978 407 1047 δὲ
429 970 476 1047 οὐ
499 971 620 1067 πόρρω
637 971 853 1066 καλούμενός
875 978 967 1047 ἐστιν
982 968 1138 1069 Εὐόρας,
1162 979 1275 1069 θηρία
1298 978 1359 1046 καὶ

248 1078 333 1154 ἄλλα
347 1083 489 1173 τρέφειν
500 1082 556 1148 καὶ
571 1077 668 1172 αἶγας
690 1074 835 1169 μάλιστα
861 1072 989 1172 ιἰγρίας.
1042 1079 1223 1171 παρέχεται
1240 1079 1279 1149 δὲ
1300 1081 1360 1149 καὶ

249 1180 375 1257 διόλου
399 1177 439 1253 τὸ
470 1178 647 1274 Ταΰγετον
671 1187 740 1252 τῶν
764 1186 870 1274 αἰγῶν
893 1176 1029 1253 τούτων
1056 1177 1164 1274 ἄγραν
1183 1183 1243 1251 καὶ
1267 1175 1358 1268 ὑῶν,

213 1295 230 1344 5
248 1290 407 1378 πλείστην
429 1285 465 1354 δὲ
485 1287 542 1354 καὶ
568 1279 707 1376 ἐλάφων
735 1287 792 1354 καὶ
823 1279 967 1374 ἄρκτων.
1029 1289 1183 1355 Ταλετοῦ
1199 1282 1235 1328 ¹⁷
1257 1284 1295 1356 δὲ
1317 1278 1357 1357 τὸ

248 1383 376 1481 μεταξὺ
397 1389 454 1457 καλ
471 1380 596 1480 Εὐόρα
614 1381 732 1481 Θήρας
748 1381 974 1477 ὀνομάζοντες
987 1381 1089 1480 Λητῶ
1112 1402 1222 1481 φασιν
1243 1380 1358 1458 ιἰιιό18

249 1499 318 1564 τῶν
342 1486 458 1576 ἄκρων
486 1496 553 1561 τοῦ
585 1493 766 1583 Ταϋγέτου
793 1545 801 1560 .
836 1545 844 1559 .
877 1544 884 1560 .
920 1545 928 1560 .
965 1487 1151 1584 Δήμητρος
1179 1492 1359 1585 ἐπίκλησιν

246 1591 461 1678 Ἐλευσινίας
474 1591 506 1638 ¹9
523 1594 612 1663 ἐστὶν
627 1588 729 1686 ἱερόν.
783 1595 938 1664 ἐνταῦθα
954 1588 1123 1685 Ἡρακλέα
1144 1586 1358 1683 Λακεδαιμό-

249 1726 320 1771 νιοι
340 1699 547 1790 κρυφθῆναί
571 1711 679 1789 φασιν
698 1690 771 1767 ὑπὸ
791 1689 999 1789 Ἀσκληπιοῦ
1024 1690 1064 1766 τὸ
1094 1700 1234 1788 τραῦμα
1259 1690 1357 1787 ι’ῶμε

250 1829 322 1873 νον.
332 1799 370 1844 ²⁰
421 1793 648 1891 καὶὈριγέως
660 1800 750 1868 ἐστὶν
763 1801 798 1868 ἐν
818 1792 913 1893 αὐτῷ
931 1792 1068 1887 ξόανον,
1088 1801 1290 1892 Πελασγῶν,
1310 1793 1359 1885 ῶς

252 1900 371 1998 φασιν,
385 1905 492 1996 ἔργον.
545 1903 601 1970 καὶ
624 1896 703 1970 τόιλε
724 1901 760 1970 δὲ
775 1896 858 1971 ἄλλο
884 1895 1061 1996 ελρῶμενον
1085 1903 1243 1972 ἐνταῦθα
1268 1899 1358 1973 οἶδα.

252 2155 296 2202 est
310 2142 485 2198 mulieribus
501 2143 642 2218 aspicere.
687 2140 776 2198 Solae
795 2161 914 2220 quoque
930 2144 1072 2200 mulieres
1092 2146 1125 2199 in
1147 2138 1252 2220 operto
1273 2161 1359 2200 sacra

251 2231 377 2287 faciunt.
423 2225 469 2304 (5)
493 2228 638 2284 Summus
656 2227 788 2303 Taygeti
805 2237 919 2300 vertex,
937 2230 1100 2303 Toletum,
1125 2247 1214 2305 supra
1227 2230 1358 2306 Bryseas

252 2316 374 2370 eminet.
420 2314 547 2369 Sacrum
559 2314 625 2369 Soli
640 2314 810 2388 appellant:
830 2313 932 2391 ibique
952 2324 981 2370 et
995 2316 1068 2370 alias
1084 2312 1197 2370 hostias
1217 2323 1247 2369 et
1264 2332 1358 2391 equos

253 2399 319 2458 Soli
337 2396 475 2453 caedunt.
520 2397 605 2453 Idem
630 2411 730 2453 autem
748 2416 867 2454 sacrum
888 2409 917 2453 et
927 2401 1027 2456 Persis
1042 2401 1173 2476 patrium
1187 2418 1253 2455 esse
1268 2399 1359 2456 novi-

251 2503 330 2541 mus.
373 2485 438 2539 Non
456 2485 589 2560 procula
604 2484 713 2539 Toleto
728 2483 824 2538 soltus
840 2492 899 2554 est,
922 2486 973 2561 qui
988 2487 1104 2541 Euoras
1120 2483 1240 2541 dicitur.
1284 2487 1314 2541 Is
1329 2494 1359 2540 et

251 2571 385 2627 ferarum
408 2571 466 2624 alia
489 2587 599 2644 genera
623 2579 652 2624 et
675 2571 706 2623 in
728 2570 834 2645 primis
862 2570 1013 2626 silvestres
1034 2589 1138 2647 capras
1159 2571 1222 2626 alit.
1273 2570 1359 2625 Facit

251 2675 321 2713 vero
340 2654 473 2731 qualibet
490 2656 536 2710 sui
549 2664 634 2730 parte
650 2655 806 2730 Taygetus
825 2656 1016 2711 venatoribus
1031 2656 1218 2711 luculentam
1232 2663 1359 2733 caprea-

251 2760 329 2811 rum,
357 2758 506 2816 aprorum,
534 2758 688 2795 cervorum
709 2748 737 2793 et
766 2758 905 2795 ursorum
933 2743 1060 2817 copiam.
1117 2739 1205 2811 Quod
1229 2742 1357 2796 interest

177 2896 180 2901 ι
252 2828 342 2903 spatii
356 2827 434 2879 inter
449 2825 594 2880 Toletum
619 2834 647 2879 et
662 2826 810 2896 Euomm,
835 2822 953 2881 Theras
973 2835 1157 2902 nuncupant.
1201 2826 1248 2880 lbi
1264 2827 1360 2882 Lato·

178 2938 183 2944 ·
251 2930 325 2966 nam
346 2907 450 2963 dicunt
467 2910 626 2985 aTaygeti
644 2910 720 2984 iugis
749 2909 949 2985 [prospexisse
968 2911 1062 2966 filiam
1080 2931 1167 2967 suam
1180 2910 1223 2965 ibi
1239 2929 1358 2966 venan-

251 3005 330 3064 tem3
349 2991 472 3067 ibidem]
488 2993 603 3049 Cereris
618 2992 786 3065 delubrum,
802 2997 850 3049 cui
867 3013 1036 3071 cognomen
1045 2997 1228 3053 Eleusiniae.
1274 2998 1309 3051 ln
1323 3015 1359 3052 eo

252 3079 437 3138 occultatum
452 3088 621 3135 memorant
641 3079 803 3135 Herculem
818 3078 854 3135 ab
869 3081 1059 3158 Aesculapio,
1084 3080 1158 3137 dum
1175 3082 1288 3138 vulnus
1308 3099 1359 3138 sa-

250 3175 379 3222 naretur.
432 3164 487 3220 Est
512 3163 626 3221 ibidem
652 3174 682 3220 et
703 3162 815 3242 Orphei
833 3167 955 3242 signum
974 3168 1122 3243 positum:
1159 3166 1359 3242 Pelasgorum

251 3270 326 3331 opus
344 3250 438 3306 fuisse
455 3251 549 3307 aiunt.
586 3248 649 3308 Sed
660 3246 718 3307 hoc
736 3252 828 3306 etiam
841 3261 994 3329 praeterea
1010 3253 1053 3310 ibi
1072 3252 1136 3309 fieri
1153 3252 1225 3310 scio.
1248 3251 1297 3331 (6)
1310 3248 1359 3308 Ad

284 3490 327 3542 15,
347 3471 452 3554 ὃὴόω.
471 3485 525 3537 Vb.
541 3481 715 3547 καλτάςΙώ.
821 3493 848 3539 et
867 3504 923 3538 mar
942 3521 951 3538 .
968 3487 994 3538 R
1020 3486 1132 3538 habent:
1162 3477 1358 3552 ὀνομάζουσιν.

284 3559 327 3609 16.
348 3555 467 3625 βρνσιῶν
479 3554 532 3605 ΑΜ
544 3555 610 3618 (sec.
625 3573 682 3607 exc.
696 3561 788 3608 nostra
818 3550 852 3608 οὐ
864 3551 918 3623 πόρ
938 3573 960 3605 ω
973 3547 1149 3616 altavalle.

249 3624 380 3694 βρυσίων,
390 3633 419 3677 ut
432 3630 473 3676 est
484 3624 700 3690 iuAgLabVeb).
722 3623 786 3676 Mox
855 3629 897 3678 19.
911 3618 1280 3689 {asvcevuagnlvnlgnan
1292 3638 1356 3688 κρη·

247 3690 369 3746 θύουσιν
383 3693 422 3745 Μ.
455 3691 511 3744 τῶν
523 3693 609 3758 αἰγῶν
623 3687 654 3744 δὲ
668 3688 785 3759 τούτων,
819 3694 942 3759 φθῆναι,
957 3711 974 3743 υ
987 3710 1068 3759 super
1081 3710 1109 3758 η,
1124 3692 1171 3743 La.

247 3764 342 3815 omisso
354 3758 403 3814 καλ
415 3769 475 3813 ante
486 3754 598 3825 ἐλάφων
611 3762 661 3812 La.
853 3763 897 3815 20.
917 3756 1036 3828 ἰωμένου
1046 3763 1230 3813 Buttmannus.
1243 3753 1359 3826 ἰῶμενον

282 3834 325 3885 17.
342 3825 613 3895 ταλέτου-εὗόρας
625 3825 720 3896 θήρας
731 3831 782 3883 Va.
818 3828 867 3880 La.
904 3829 968 3881 Mox
987 3822 1017 3880 ἐν
1038 3823 1130 3880 αὐτῶν
1148 3835 1176 3881 et
1191 3826 1281 3897 paullo
1298 3832 1360 3896 post

246 3896 365 3954 ταλέτου
378 3900 428 3951 Lb.
449 3894 715 3967 εὗοραθήραςΜΙιλ).
820 3894 868 3948 καλ
882 3892 913 3951 τὸ
931 3898 1041 3950 aenan
1052 3894 1114 3962 (καλ
1125 3891 1158 3948 τὰ
1172 3895 1203 3947 δε
1217 3889 1249 3946 δὲ
1263 3894 1293 3946 Μ
1304 3911 1357 3948 sec.

282 3973 324 4023 18.
339 3963 614 4036 ὀνομάζοντες-Λητώ
630 3983 715 4033 φασιν
728 3962 785 4021 ἀπὸ
820 3983 877 4018 exc.
892 3970 1006 4032 nostra).
1032 3963 1080 4018 καλ
1095 3966 1166 4034 τῶδε
1182 3963 1289 4015 coui.K
1310 3971 1359 4031 „et

247 4038 302 4088 τῶν
317 4033 413 4104 ἄκρων
434 4039 581 4108 recepimus
602 4055 617 4088 e
636 4035 785 4104 PcAngllll
819 4034 880 4087 huic
893 4036 1027 4105 (Orpheo)
1040 4034 1092 4088 alia
1104 4034 1142 4087 ibi
1160 4032 1288 4100 mysteria
1298 4030 1359 4085 fiori

246 4106 304 4169 RB,
319 4115 345 4158 et
357 4115 418 4176 post
432 4101 697 4175 Ταϋγέτουλεονιιεε
709 4106 786 4174 signa
818 4104 904 4158 scio.“
919 4105 986 4157 uude
998 4104 1020 4156 C
1032 4102 1101 4155 coni.
1113 4099 1163 4155 καλ
1175 4101 1247 4171 τῷδε
1262 4095 1311 4169 δὴ,
1331 4107 1359 4155 et

247 4175 379 4244 posuimus
392 4192 449 4227 cum
459 4177 500 4242 B,
518 4177 563 4244 qui
576 4176 641 4228 haec
653 4175 709 4226 fere
720 4192 784 4244 sup·
836 4182 878 4226 ost
902 4168 968 4225 οἶδα
987 4173 1112 4247 lacunam
1136 4171 1312 4240 significavit.
1323 4197 1358 4209 —

247 4241 318 4312 piet:
336 4235 784 4314 θεῶσθαιτὴνθυγατέραὲνταῶ-
816 4191 944 4296 laeuone
967 4241 1033 4295 οἰδα
1052 4235 1196 4309 δρώμενον
1207 4240 1261 4293 Vb.
1288 4233 1359 4308 δρά-

141 4354 144 4361 .
245 4307 565 4379 θαθηρεύονσανκαί.
598 4311 784 4380 Vulg.VabLa
813 4327 898 4381 μενον
913 4311 962 4366 La·
