2872 4846
399 275 489 335 SEU
511 277 598 332 LlB.
620 277 644 333 1.
689 273 788 333 CAP.
809 274 935 332 XXXII.
1153 274 1214 335 161

113 445 168 534 (λ)
192 437 384 536 Ἀθήναίοις
411 442 448 511 ot
472 439 513 513 τά
535 438 600 536 ὄρή
626 444 683 512 ναὶ
709 447 803 513 θεῶν
820 435 994 534 ἀμάλματα
1012 444 1091 536 ἔχει·
1127 443 1249 511 Hes-2

112 547 227 636 τίλήσι
242 545 303 634 μίν
320 538 474 637 Ἀθηνᾶς,
501 548 536 616 ίν
553 540 741 639 Ὑμηττῷ8
769 545 807 615 δὲ
833 538 966 635 ἀγαλμά
992 537 1216 637 ἐστινἭιήτ-

112 650 191 717 τίου
219 641 322 732 Διός·
350 649 461 739 βωμοί
487 648 525 717 δὲ
549 649 607 717 καί
628 641 799 739 Ὀμβρίου
825 641 914 732 Διὸς
939 639 1217 731 ναίἏπόλλωνός

75 821 80 827 ,
113 753 177 820 είσι
205 753 407 842 Προοήιίου.
442 752 500 818 καί
526 752 561 821 ίν
589 745 754 842 Πάρνήθι
780 744 990 844 Παρνήθιος
1016 743 1109 834 Ζεὺς
1139 752 1217 841 χαλ-

113 857 203 938 κοῦς
225 850 341 939 ionii,
373 856 430 921 καὶ
457 846 575 943 βωμὸς
597 854 785 946 Σημαλέου
812 846 909 937 Διός.
951 854 1021 922 ἔστι
1048 852 1085 922 δὲ
1112 852 1148 921 ίν
1174 855 1217 943 νή

116 949 282 1048 Πάρνηθι
314 957 371 1023 καὶ
400 950 504 1039 ἀλλος
537 950 683 1046 βωμὸς,
725 948 863 1025 θύουσι
896 954 934 1024 δὲ
969 947 1024 1024 ἐπ’
1043 950 1078 997 ¹⁰
1105 946 1219 1023 occisori

113 1058 189 1127 τοτὲ
222 1057 283 1146 μὲν
311 1050 480 1150 Ὄμβριον
528 1058 605 1128 sori
640 1057 677 1127 ot
714 1051 873 1151 Ἀπήμιον
913 1061 1100 1140 καλοῦντες
1141 1057 1219 1125 Δία.

113 1161 170 1228 καί
210 1152 388 1251 ’Λμχεσμός
421 1155 507 1251 ὄρος
539 1161 631 1231 ἐστίν
664 1153 710 1231 οὐ
745 1161 830 1253 μίγα
878 1160 935 1229 καί
965 1151 1055 1245 Διὸς
1086 1152 1221 1251 ἀμαλμα
1351 1248 1356 1255 ,

109 1256 312 1354 Ἀγχεσμίου.
570 1296 574 1301 ·
1224 1273 1267 1335 79

201 1401 271 1489 (3)
310 1399 402 1488 Πρὶν
429 1397 466 1466 δὲ
492 1390 515 1491 ή
541 1402 612 1466 τῶν
637 1389 755 1488 νήσων
789 1399 824 1480 ἐς
850 1390 1025 1488 ἀφήγησιν
1040 1393 1071 1439 11
1098 1395 1219 1485 τραπί·
1254 1423 1272 1475 3

115 1505 217 1586 σθαι,
242 1493 284 1568 τά
307 1502 342 1584 ἐς
368 1494 455 1583 τούς
482 1494 620 1592 δήμους
643 1500 764 1590 ἔχοντα
791 1483 900 1581 αὖθις
921 1495 1074 1586 ἐπέξειμι.
1110 1491 1223 1590 (λήμός

114 1604 184 1671 ἐστι
212 1595 396 1691 Μαραθῶν
430 1605 506 1671 ἴσον
518 1598 552 1644 ¹²
590 1604 652 1693 τής
678 1594 811 1684 πόλεως
838 1603 906 1669 τῶν
929 1592 1114 1692 Ἀθηναίων
1141 1591 1222 1668 ἀπί·

113 1729 184 1794 χων
210 1705 266 1772 καί
292 1697 486 1794 Καρύστου
511 1707 574 1796 τῆς
600 1704 636 1770 ἐν
657 1695 804 1794 Εὐβοίᾳ.
854 1695 964 1792 ταύτή
990 1706 1054 1794 τής
1074 1693 1223 1794 Ἀττικῆς
1326 1722 1331 1741 ¹

115 1806 216 1896 ἔσχον
248 1808 285 1873 οἱ
315 1799 503 1896 βάρβαροι,
538 1805 595 1872 καλ
629 1797 719 1895 μάχή
746 1829 781 1872 τε
809 1798 1048 1896 ἐκρατήθησαν
1082 1806 1139 1871 καί
1174 1829 1221 1873 τι-

114 1932 195 1992 νας,
223 1900 271 1991 ὡς
298 1899 484 2000 ἀνήγοντο,
505 1899 684 1976 ἀπώλεσαν
710 1911 780 1975 τοί-ν
806 1910 902 1975 νεῶν.
930 1899 1045 1997 τάφος
1071 1903 1109 1975 δὲ
1136 1906 1172 1974 ἐν
1189 1901 1222 1950 1³

116 2013 164 2102 τῷ
191 2011 297 2103 πεδίῳ
321 2001 509 2100 Ἀθηναίων
536 2008 645 2094 ἐστίν,
668 2009 723 2076 ini
746 2007 784 2077 (ii
812 2001 908 2101 αὐτῷ
936 2011 1056 2099 στήλαι
1076 2000 1118 2074 τίλ
1144 1998 1223 2076 ὄνό·

115 2136 205 2198 ματα
230 2115 300 2181 τῶν
320 2104 573 2180 ἀποθανόντων
593 2103 679 2179 ιιατά
706 2103 824 2202 φυλὰς
850 2102 1000 2180 ίιιάστων
1010 2105 1046 2152 14
1066 2110 1222 2200 ἔχουσαι·

115 2213 172 2282 καί
196 2213 312 2306 ἕτερος
336 2216 548 2283 Πλαταιεῦσι
566 2215 731 2283 Βοιωτῶν
751 2212 809 2280 καί
826 2203 990 2297 δούλοις·
1017 2208 1223 2305 ἐμαχέσαντο

116 2449 187 2506 dem
208 2451 249 2505 ita
272 2469 304 2506 se
325 2447 447 2507 habeut.
492 2450 539 2531 (Ξ)
557 2454 691 2509 Deorum
711 2470 782 2508 vero
810 2451 895 2528 signa
917 2452 949 2506 in
971 2453 1088 2508 Atticae
1109 2452 1224 2507 monti-

115 2535 172 2591 bus
195 2531 270 2589 haec
293 2544 373 2590 sunt.
424 2538 459 2591 In
480 2537 635 2593 Pentelico
657 2537 828 2592 Minervae:
857 2539 889 2590 in
910 2538 1055 2613 Hymetto
1078 2534 1226 2613 Hymettii

116 2620 195 2676 lovis
216 2629 313 2675 statua
336 2629 396 2691 est,
414 2619 516 2678 Pluvii
534 2623 626 2676 etiam
642 2621 731 2694 Iovis,
755 2629 785 2675 et
804 2620 953 2697 Apollinis
975 2621 1118 2697 Praesagi
1141 2634 1223 2676 arae:

115 2705 148 2758 in
170 2701 321 2760 Parnetho
340 2702 519 2762 Parnethius
541 2707 656 2783 Iupiter
678 2724 717 2761 ex
739 2722 822 2776 aere,
854 2714 883 2760 et
905 2704 1039 2761 Semelei
1064 2705 1143 2763 Iovis
1166 2722 1227 2760 nra.

116 2789 172 2844 Est
193 2789 267 2844 item
285 2807 335 2844 ara
358 2787 471 2846 ibidem
488 2790 563 2863 alia,
588 2787 627 2845 ad
650 2808 742 2868 quam
763 2789 843 2862 Iovi,
862 2807 954 2866 quem
975 2788 1066 2848 modo
1082 2790 1227 2846 Plurium

117 2871 207 2931 modo
229 2874 393 2930 Inuoxium
418 2875 591 2953 appellant,
621 2894 686 2930 rem
709 2872 845 2931 divinam
866 2874 992 2931 faciunt.
1035 2871 1226 2932 Anchesmus

118 2958 209 3013 etiam
230 2976 318 3016 mons
341 2968 386 3015 est
407 2978 467 3016 non
504 2978 576 3016 sane
598 2977 744 3036 magnus,
779 2968 809 3014 et
839 2959 872 3014 in
895 2958 1028 3017 eoloris
1050 2955 1228 3017 Anchesmii

118 3043 247 3119 signum.
292 3042 339 3120 (3)
364 3040 427 3100 Sed
447 3053 611 3122 antequam
628 3043 667 3100 ad
685 3043 799 3101 insulas
816 3045 930 3120 stylum
949 3053 1130 3118 convertam,
1150 3062 1227 3123 quae

119 3125 158 3182 ad
178 3128 295 3182 Atticae
319 3128 415 3183 curias
438 3128 612 3204 pertinent,
642 3129 806 3184 accuratius
835 3146 1009 3206 persequar.
1065 3124 1226 3187 Marathon

119 3212 201 3266 ouria
222 3213 289 3288 pari
311 3213 407 3288 spatio
430 3211 466 3266 ab
488 3209 616 3268 Athenis
639 3213 723 3267 abest
742 3220 771 3266 et
792 3211 916 3288 Carysto
938 3212 1081 3271 Euboeae
1104 3210 1225 3292 oppido.

15 3348 24 3373 ,
118 3292 168 3353 Ad
188 3290 267 3349 hanc
288 3293 361 3351 olim
381 3295 497 3352 Atticae
519 3305 637 3375 partem
659 3297 767 3352 Persae
791 3296 924 3372 primum
957 3297 1156 3374 appulerunt:
1192 3316 1226 3354 ac

118 3380 233 3457 proelio
256 3379 333 3452 fusi,
365 3399 427 3437 nou
456 3400 566 3457 paucas
596 3382 628 3437 in
649 3381 716 3458 ipsa
742 3381 815 3456 fuga
846 3399 938 3437 naves
965 3383 1139 3439 arniserunt.
1190 3384 1226 3439 In

119 3464 209 3520 huius
225 3465 355 3540 regionis
372 3467 484 3544 campis
505 3466 642 3523 tumulus
665 3475 710 3522 est
723 3462 969 3538 Atheniensium,
996 3465 1100 3543 quiin
1124 3483 1226 3543 pugna

121 3546 309 3603 oeciderunt:
332 3558 362 3604 et
378 3569 417 3605 ex
433 3570 468 3607 eo
484 3552 565 3628 pilae
580 3551 729 3624 eminent,
752 3550 783 3605 in
806 3551 913 3628 quibus
932 3568 1087 3607 caesormn
1103 3550 1225 3605 nomina

121 3642 150 3688 et
177 3631 271 3688 tribus
295 3632 452 3711 inscriptae
476 3646 555 3693 sunt.
609 3636 664 3692 Est
686 3646 716 3692 et
743 3636 834 3709 alter,
857 3636 1085 3694 Plataeensibus
1106 3635 1225 3693 Boeotis

155 3849 182 3901 8.
211 3840 308 3916 ἀμητῷ
328 3851 355 3898 et
384 3861 444 3898 mox
463 3841 533 3900 εἰσιν
549 3840 657 3917 πρίαμ.
727 3851 769 3903 11.
790 3851 979 3917 αφφησινΙια.
1003 3839 1160 3911 tamaricis
1177 3848 1227 3903 Va.

121 3910 304 3985 380⁴5t⁴⁷i³i⁰v
319 3943 355 3955 ··
367 3908 459 3985 {tonde
476 3911 515 4000 ii,
526 3916 577 3969 1¹³·
728 3937 769 3987 12.
799 3934 861 3986 ίσου
875 3937 925 4006 Ag.
951 3953 1011 3989 mox
1035 3930 1066 3988 oi
1086 3929 1228 4007 βάρβιτ-

155 3987 182 4039 9.
202 3979 277 4038 ἐστίν
288 3983 339 4068 Ag.
356 3992 410 4035 turn
423 3982 533 4053 βωμους
544 3984 596 4038 Va.
690 3997 832 4055 5725),ng
843 4003 892 4057 La,

122 4044 660 4193 ,st-antssusurratum
728 4088 770 4139 1³·
789 4079 820 4139 ι
902 4088 952 4140 ιι
1046 4083 1073 4166 ι
1087 4082 1228 4161 νιν.

122 4188 285 4257 Nltvtbst)
305 4185 369 4242 τότε
380 4182 552 4257 μὶν-τότε
561 4186 597 4255 ,θλ
609 4189 660 4244 Ax
728 4186 771 4243 14.
794 4180 900 4243 ἓνιίστω
921 4190 957 4241 N.
987 4198 1041 4245 tum
1057 4190 1229 4257 πλατεειλσιν,

122 4256 183 4311 ΚΟ.
691 4274 721 4309 αι
733 4274 814 4329 super
825 4274 849 4327 a,
860 4258 911 4329 Ag.

158 4357 358 4423 Tomis,
697 4376 701 4383 ·
992 4346 1018 4403 1¹
1126 4358 1131 4371 '
