2872 4846
475 269 883 335 PRAEFATIO.
1006 302 1009 305 ·
1190 268 1260 333 mx
1336 274 1339 277 ’

114 451 229 518 absunt
243 455 278 520 ut
290 467 390 518 verae
403 448 583 540 videantur,
609 457 645 518 ut
657 450 686 518 si
701 447 877 521 alterutern
890 451 921 517 in
934 447 1043 518 codice
1058 447 1194 538 quodam
1206 449 1260 516 ἰιι-
1319 497 1331 504 -

113 555 297 643 veniretur,
324 551 647 641 medela-quaerenda
660 558 760 620 esset.
814 550 897 637 Quid
921 554 1005 622 cnim
1025 551 1176 622 violentis
1197 552 1261 620 illis
1339 558 1359 613 ἢ

114 658 305 726 correcturis
320 658 458 726 assecuti
471 653 609 724 sumus?
647 655 736 724 Nihil
748 656 810 723 nisi
822 658 995 747 imaginem
1007 656 1162 748 mutilam,
1180 677 1261 724 sen-

114 782 185 828 sum
205 760 365 880 ineptum,
392 760 642 829 enuntiationem
662 757 790 842 falsam
843 757 921 846 Quis
943 767 995 829 est
1016 763 1101 828 enim
1125 761 1176 848 qui
1197 780 1261 826 non

113 862 254 932 videat
210 865 419 953 timaginem
442 882 515 930 esse
535 868 602 931 mut
589 862 727 931 tilam
701 883 728 928 sn
752 859 901 930 dicimus:
933 860 1073 955 „foedus
1086 862 1262 932 Achaicum

114 966 255 1035 surrexit
269 984 287 1032 e
303 965 492 1035 Graeciaut
479 971 555 1034 tex
570 967 684 1037 arbore
705 962 893 1033 detruncata
912 971 946 1035 et
963 967 1174 1036 intermortua
1186 953 1262 1057 piei·
1362 1005 1368 1014 .

114 1063 304 1155 ιιιιιιιιιιιιὲα
356 1070 399 1138 Ut
421 1070 547 1138 silentio
567 1070 857 1169 praetermittamus
878 1068 921 1136 ex'
935 1070 1050 1138 arbore
1062 1068 1186 1159 quidem
1200 1067 1262 1136 de·
1345 1069 1353 1100 ·‘

115 1179 280 1262 truncata,
306 1192 465 1260 nunquam
477 1193 555 1240 vero
570 1192 612 1240 cx
625 1162 716 1240 arida
731 1177 764 1239 et
777 1178 922 1242 emortua
935 1193 1074 1264 surgere
1087 1177 1261 1242 sarmenta.

115 1271 338 1359 Quidmultai
374 1272 587 1346 scribendum
601 1283 669 1345 est:
696 1276 745 1340 ὅτε
762 1274 866 1357 δ’ὴκαὶ
883 1273 987 1372 μόγις,
1015 1276 1067 1342 ἅτε
1084 1280 1117 1343 ἐκ
1134 1278 1261 1363 δένδρου
1327 1320 1328 1323 ¹

114 1379 326 1461 λελωβημένου
343 1383 489 1463 κλιιματὶς
506 1380 544 1445 τὰ
560 1383 692 1458 πλείονα,
714 1375 936 1476 institueram
952 1380 984 1444 ἐκ
1001 1387 1055 1463 τῆς
1066 1377 1213 1460 Ἑλλάδος
1226 1377 1260 1442 τὸ
1365 1452 1370 1467 ι

108 1479 249 1564 Ἀχαϊκόν
269 1517 316 1529 -
339 1476 397 1552 Sic
411 1485 515 1551 omnia
528 1483 666 1575 egregie
679 1478 873 1572 procedunt3
899 1480 1007 1572 imago
1029 1489 1079 1552 est
1097 1482 1263 1585 aptissinre

114 1591 146 1652 et
158 1585 259 1652 verba
270 1582 312 1649 ad
325 1605 477 1653 amussim
488 1586 548 1652 situ
561 1584 790 1707 respondent.
819 1579 973 1652 Proxime
993 1583 1034 1651 ad
1054 1606 1184 1653 sensum
1197 1605 1262 1653 no·

114 1694 216 1754 strum
229 1685 561 1779 acceditAmasaeus,
587 1691 639 1778 qui
652 1686 829 1754 sicvertitz
856 1689 971 1777 „quasi
989 1707 1033 1756 ex
1052 1688 1263 1826 intermortua

113 1792 248 1858 materie
265 1788 443 1859 redivivum
457 1798 665 1860 sarmentum.
667 1786 753 1840 “—

216 1893 379 1962 Dabamus
399 1891 738 2007 castellionense
759 1890 951 1989 tubingae,
976 1911 1089 2015 mense
1107 1892 1261 2012 Augusto

114 1998 189 2063 anni
206 1993 317 2064 1837
