2872 4846
136 237 177 294 ur
504 224 917 290 nonantulo.

138 408 195 483 τὰς
204 406 407 492 Ταναγραίων
419 404 479 493 πρὸ
493 410 553 470 ταῖν
563 399 718 470 Διονύσου
731 394 986 492 ὄργίωνὺηθΙὶυδ
999 415 1020 463 θ
1031 395 1178 487 vestigiis
1189 394 1280 489 allo·

139 530 210 576 rum
223 507 365 579 codicum
380 510 438 595 nob
453 515 508 573 rori
522 509 565 572 Δι
567 505 677 594 evriaco
699 513 760 572 τῶν
780 495 913 592 ὀργίων)
932 503 979 566 ἐπὶ
999 499 1165 565 θάλασσαν
1184 522 1280 564 κατα-

49 619 52 629 “
118 610 409 700 .βῆναι.--ΙΧ,
436 609 561 700 27,6.
584 611 638 676 τὸν
659 601 1027 692 ὁὲναααίζονταὸικάσαις
1053 603 1209 671 hocloco
1230 602 1282 667 τὸν

137 716 175 781 dt
188 733 210 779 a
222 710 356 782 illusura
370 711 457 779 addit
446 719 512 780 tum
525 718 593 800 est3
626 718 659 780 at
671 710 813 780 nondum
824 706 1002 797 integritati
1015 725 1088 771 esse
1100 706 1283 772 restitutum

141 799 324 884 Pausaniae
337 836 518 887 sermonem
531 816 689 905 latiusque
702 814 793 881 hiare
805 812 955 879 lacunam
966 809 1046 877 satis
1060 808 1284 897 comprobatur

141 922 297 1006 sequente
315 922 476 1000 νομίζοντα
496 916 580 1007 quod
597 938 695 985 sensu
715 934 828 984 carere
848 911 975 979 videtur
989 912 1120 978 etiamsi
1133 909 1283 994 admittas

143 1020 271 1089 Masuri
288 1021 576 1109 interpolationem.
627 1020 705 1089 Alia
725 1016 875 1105 exempla
894 1013 1124 1109 quamplurima
1140 1013 1285 1083 locorrnn

143 1121 272 1194 Masuri
283 1124 531 1192 correctionibus
543 1123 791 1213 depravatorum
810 1115 1022 1208 suppeditabit
1041 1115 1285 1186 commentarius

145 1229 277 1314 nostcr3
311 1246 392 1314 quae
412 1226 602 1315 protulimus
622 1224 771 1294 sufficere
790 1220 939 1291 uidentur
958 1217 1001 1285 ad
1019 1217 1287 1309 comprobandum

145 1325 293 1395 iudicium
313 1335 457 1396 nostrum
475 1327 516 1394 de
534 1328 681 1397 editionis
700 1326 840 1395 Aldinae
855 1320 963 1390 indole
983 1327 1017 1390 et
1035 1323 1139 1412 pretio
1159 1321 1286 1407 critic03

146 1430 301 1505 eratenim
320 1430 443 1499 amalo
464 1430 573 1498 codice
594 1432 802 1521 negligenter
824 1444 998 1517 expressa,
1027 1425 1147 1492 crebris
1160 1421 1288 1493 illusuri

146 1530 337 1607 coniectuiis
364 1539 398 1601 et
424 1524 720 1623 interpolationibus
745 1528 948 1619 deformata,
992 1527 1090 1594 nullis
1120 1527 1287 1595 virtutibus

147 1634 422 1723 commendabilis3
445 1641 478 1703 et
498 1656 543 1702 ex
559 1634 715 1724 eiusmodi
727 1634 866 1703 editione
879 1649 991 1698 omnes
1003 1629 1146 1719 reliquae
1158 1633 1289 1721 praeter

147 1756 244 1806 unam
255 1736 422 1829 Baliari,
446 1745 597 1826 tanquam
610 1761 630 1806 e
644 1738 734 1811 tonte
748 1758 808 1806 suo
821 1734 1019 1806 derivantur.

252 1836 406 1928 Sequitur
425 1840 521 1912 editio
540 1841 684 1910 secunda
702 1862 724 1907 a
743 1838 831 1908 Guil.
845 1833 1022 1922 Xylandro
1036 1797 1291 1925 praeparatae

112 1932 114 1934 ’
148 1959 269 2027 magno
282 1941 372 2009 Prld.
386 1938 597 2033 Sylburgio
588 1966 621 2011 m
639 1945 744 2015 lucem
762 1940 866 2030 edm,
892 1936 1164 2028 Francolurtiap
1153 1935 1290 2007 hored.

149 2041 303 2111 Wechel.
326 2042 437 2112 1583.
461 2044 520 2112 lol.
551 2045 639 2114 Guil.
662 2043 839 2134 Xylander
860 2041 963 2109 multa
983 2039 1129 2109 editionis
1151 2039 1290 2110 Aldinae

149 2145 392 2239 tillemontii,
408 2150 542 2222 mutae
555 2151 738 2218 coniectura
751 2143 1058 2239 egrogiarestituitr
1082 2164 1177 2232 quum
1188 2163 1291 2233 praa·

141 2253 276 2340 matura
293 2255 397 2318 morte
416 2248 566 2340 abreptus
579 2253 630 2320 vir
642 2252 755 2321 doctus
768 2246 981 2322 idtrallliaca
993 2247 1103 2336 priora
1115 2267 1197 2336 opus
1209 2266 1291 2336 per-

23 2356 40 2427 ’.,
150 2347 267 2421 ducere
285 2373 350 2421 non
369 2354 527 2443 potuisset
545 2354 690 2429 laborem
709 2356 919 2442 interruptum
938 2351 1079 2438 suscepit
1099 2353 1132 2416 et
1152 2349 1292 2420 amobit

44 2480 67 2537 χ,
149 2449 334 2523 llridoricus
346 2451 547 2548 Sylburgius
566 2463 676 2546 totque
693 2458 774 2527 locis
793 2460 864 2522 tam
882 2452 1054 2544 egregiam
1064 2449 1206 2520 adhibuit
1217 2468 1291 2521 me,-

149 2551 255 2624 delam
274 2558 310 2626 ut
330 2562 419 2625 recto
439 2557 622 2628 Pausaniae
641 2563 818 2648 sospitator
838 2556 1147 2647 possitnuncupari.
1200 2551 1294 2624 suu-

94 2679 97 2682 ·
146 2653 238 2721 aidiis
257 2676 336 2722 usus
354 2662 405 2724 est
423 2665 554 2746 praeter
566 2659 749 2729 incredibile
764 2675 826 2745 quo
837 2658 1001 2744 gaudebat
1011 2656 1134 2746 ingenii
1141 2674 1291 2747 acumen,

5 2762 15 2770 “
150 2755 273 2828 duobus
298 2758 533 2847 exemplaribus
559 2757 716 2852 (qucrnea
742 2760 882 2840 alterum
905 2756 993 2825 illius
1023 2761 1177 2849 temporis
1202 2776 1292 2829 more

151 2855 317 2930 codicem
328 2857 507 2952 appellat),
533 2861 640 2930 miultis
658 2865 692 2930 in
711 2863 792 2931 locis
812 2859 1007 2948 emendatis3
1033 2861 1292 2931 alterumloaelr.

151 2957 349 3051 camerarii,
375 2962 512 3031 alterum
532 2963 636 3032 Zach.
656 2963 766 3039 Ursini
784 2961 857 3032 tuit.
905 2963 944 3032 ln
963 2963 1026 3034 hoc
1044 2964 1145 3032 multa
1161 2964 1292 3033 loannis

151 3060 283 3150 Oporini
301 3063 426 3132 etAbr.
439 3064 618 3135 Loeschori
629 3064 705 3160 (qui
725 3068 790 3136 hoc
806 3066 888 3134 libro
911 3067 944 3134 in
967 3069 1118 3135 versione
1136 3089 1197 3134 sua
1214 3089 1292 3137 mus

151 3156 224 3250 est)
244 3186 341 3233 manu
360 3188 429 3233 mar
455 3170 555 3239 inibus
569 3170 730 3261 adscripta
742 3170 863 3238 invenit
875 3164 1096 3260 Sylburgius3
1121 3177 1293 3260 praeterea

150 3264 233 3338 Aen
245 3265 399 3367 Pumobi,
424 3190 521 3339 bron.
533 3270 691 3363 Lambini,
712 3273 794 3341 Adr.
807 3272 900 3360 lunii,
927 3271 1017 3339 Guil.
1030 3269 1177 3363 canceri,
1197 3272 1292 3342 Paul.

150 3365 314 3457 leopardi
339 3370 536 3461 aliorumque
561 3377 804 3446 observationes
831 3371 1004 3462 diligenter
1030 3376 1225 3460 conquisitas
1251 3375 1293 3443 ad

150 3471 390 3547 emaculandum
403 3474 583 3551 Pausaniae
597 3497 780 3552 sermonem
790 3472 932 3543 adhibuit
944 3480 977 3541 et
988 3476 1020 3540 in
1033 3479 1293 3547 commentarium

150 3575 248 3640 critici
268 3578 465 3665 potissimum
482 3584 675 3670 argumenti,
701 3582 804 3648 bonae
827 3576 931 3667 lrugis
953 3575 1198 3650 refertissimum
1211 3601 1293 3648 con-

150 3678 266 3775 gessit.
316 3677 460 3752 Editioni
478 3680 652 3772 diligenter
671 3701 811 3758 excusae
824 3679 949 3754 adiecta
962 3687 1013 3749 est
1027 3679 1126 3749 Rom.
1141 3683 1294 3753 Amasaai

151 3779 259 3851 versio
277 3778 378 3851 latina
396 3779 612 3874 aSylburgio
631 3792 781 3859 accurate
801 3786 974 3875 castigata.
998 3798 1045 3832 -'-
1065 3786 1222 3877 Repetite
1243 3794 1294 3857 est

152 3879 342 3957 baec'editio
353 3882 522 3954 Hanoviae
535 3887 621 3977 apud
632 3887 765 3957 eosdem
775 3887 912 3955 heredes
927 3885 1080 3955 Wechcl
1092 3909 1178 3956 anno
1193 3887 1292 3958 1613

10 4070 18 4085 Ι
151 3980 224 4072 iol,
247 3983 293 4055 ita
311 3990 345 4055 ut
364 4009 505 4075 priorem
518 4009 561 4060 ex
573 4011 648 4067 asse
661 3991 785 4061 relera
772 3996 857 4058 nisi
847 3987 973 4079 quod
966 4010 1148 4062 versionem
1160 3991 1294 4067 latinam

151 4104 216 4156 uon
234 4090 407 4175 separatim
425 4091 542 4161 editam
556 4092 614 4168 sed
631 4092 851 4184 persingulas
864 4093 1001 4182 paginas
1014 4086 1196 4209 adiunctam
1210 4114 1292 4203 con-

151 4187 251 4277 tinea
275 4191 510 4267 eamcouierre
524 4197 793 4294 operaepretium
805 4216 872 4265 non
885 4194 1096 4270 denintun-
