2872 4846
139 258 208 317 vlu
506 250 916 313 PRAEFATIO.

140 422 295 516 XXXV,
320 427 354 492 et
367 420 501 493 clavier
511 424 541 517 l,
564 426 719 516 p.leq.
738 421 799 516 ῆς
829 430 863 494 at
884 422 1072 493 lectionibus
1095 446 1173 493 usus
1198 431 1282 493 estc

141 529 301 598 codicibus
314 526 554 596 vindobonensi
576 549 608 596 a.
631 536 664 598 et
684 529 874 617 Mosquensi
896 529 1074 617 excerptis3
1101 527 1284 619 excerptis

142 632 296 721 dicimus,
316 650 392 697 nam
412 619 601 698 collationes
621 653 724 721 neque
748 654 789 699 ea
812 652 874 718 qua
893 652 952 721 par
971 636 1042 698 erat
1063 651 1158 721 cura,
1181 652 1285 719 neque
1395 640 1398 644 '

143 736 206 805 tide
220 732 430 823 taurosum,
459 735 505 800 ita
517 741 552 803 ut
564 737 739 824 specimina
751 735 856 824 potius
871 754 964 821 quam
977 733 1082 800 iustae
1097 734 1285 801 collationes

145 837 303 927 appellari
314 837 457 924 possint3
478 856 598 926 eaeque
611 840 700 929 ipsae
714 840 817 905 minus
832 835 874 902 ad
887 834 1105 903 emendandos
1118 842 1286 926 corruptos
1335 882 1343 894 .

146 940 328 1008 Pausaniae
339 937 430 1005 locos
445 960 539 1027 quam
557 939 599 1006 ad
618 938 821 1009 exornandas
840 945 933 1007 notas
954 937 1286 1006 adhibitae'videntur.

145 1042 259 1130 Neque
273 1046 381 1109 tamen
393 1044 510 1132 negari
529 1049 636 1131 potest
654 1045 760 1113 multis
773 1045 806 1108 in
819 1042 899 1110 locis
914 1039 1096 1108 Pausaniae
1108 1060 1290 1109 sermonem

148 1144 282 1213 aFacio
298 1140 434 1211 feliciter
446 1164 488 1211 ex
501 1148 632 1237 ingenio
648 1168 721 1215 esse
736 1145 928 1234 restitutum,
954 1145 1097 1231 quamvis
1110 1144 1193 1212 iusto
1207 1165 1289 1211 cau-

148 1248 213 1315 tior
223 1247 422 1315 coniecturas
436 1270 510 1316 raro
523 1250 554 1314 in
568 1254 691 1318 textum
703 1249 834 1336 recepit.
856 1283 904 1294 —
924 1246 1046 1313 'l'omus
1061 1253 1192 1334 quartus
1207 1268 1290 1315 con-

149 1352 230 1419 tinet
241 1348 398 1417 Amasaei
407 1353 589 1419 versionem
599 1354 744 1420 latinam.
794 1349 921 1417 Primus
945 1350 975 1415 iu
990 1356 1161 1441 segmenta
1173 1348 1290 1416 distin-

150 1454 200 1521 xit
213 1454 330 1541 capita.
359 1488 405 1500 -
437 1452 578 1522 neam
599 1455 736 1525 editione
756 1453 869 1543 procul
890 1452 983 1520 dubio
1002 1473 1042 1519 ea
1062 1472 1219 1541 expressa
1240 1458 1292 1519 est

152 1576 246 1644 quum
265 1554 445 1623 'Pauchnitn
466 1578 551 1627 anno
577 1557 689 1629 1818.
711 1558 811 1626 tribus
833 1556 1044 1625 voluminibus
1061 1553 1121 1621 12.
1142 1556 1176 1623 in
1186 1554 1292 1623 lucem

152 1659 267 1726 emisit.
318 1657 501 1727 diditionem
515 1664 795 1753 noninspeximm.

255 1759 374 1828 Maiori
386 1766 476 1850 operi
488 1762 567 1833 Car.
582 1765 720 1835 Godofr.
735 1758 875 1834 Siebelis
896 1761 1052 1852 praelusit
1074 1758 1213 1829 editione
1228 1760 1293 1826 mi-

153 1883 234 1931 nore
256 1885 349 1951 quam
368 1865 529 1933 volumino
550 1876 675 1961 quarto,
700 1868 807 1957 quinto
829 1869 976 1931 etsexta
998 1864 1219 1951 complectitur
1231 1861 1294 1928 Bi-

153 1966 314 2034 bliotlreca
325 1965 549 2036 Prosaicorum
562 1973 761 2040 Graecorum
771 1988 792 2033 a
804 1966 971 2057 Weigelio
987 1967 1118 2055 Lipsiae
1134 1963 1233 2032 1818
1246 2001 1294 2013 -

158 2066 218 2135 19.
239 2068 336 2136 edita.
388 2069 505 2138 Novae
524 2073 648 2160 quidem
667 2062 862 2141 recensionis
884 2090 964 2158 prae
984 2089 1020 2136 se
1042 2066 1107 2135 iert
1128 2088 1245 2134 nomen
1262 2069 1296 2133 in

156 2156 318 2261 titulosat
338 2171 401 2241 hoc
420 2194 457 2241 sc
476 2178 598 2246 sciente
619 2183 652 2247 et
671 2176 803 2244 volente
822 2171 965 2240 additum
978 2176 1079 2261 negat
1092 2168 1196 2238 editor
1208 2168 1237 2261 Ι,
1264 2192 1296 2259 p.

155 2272 329 2339 XXXIX.
381 2274 533 2358 Quamvis
551 2302 631 2349 voro
651 2279 692 2345 ad
712 2295 818 2344 novae
832 2275 1025 2343 recensionis
1039 2272 1171 2365 laudem
1183 2272 1298 2361 adspi-

156 2395 231 2439 rare
252 2397 315 2443 non
336 2384 443 2466 potest
463 2382 568 2451 minor
585 2384 666 2449 hacc
687 2379 797 2469 editio,
816 2399 883 2446 non
902 2378 1012 2469 paucis
1034 2375 1194 2445 tamenin
1215 2376 1298 2442 locis

157 2479 356 2564 corruptelas
370 2482 425 2547 vel
446 2503 488 2550 ex
510 2484 640 2577 ingenio
652 2484 709 2552 vel
721 2481 864 2550 codicum
877 2481 1066 2548 auctoritate
1080 2499 1101 2544 a
1114 2476 1298 2546 doctissimo

157 2597 260 2665 acque
280 2598 318 2645 ac
336 2580 570 2655 modestissimo
589 2590 659 2653 viro
680 2586 823 2651 sublatas
842 2583 999 2650 videmus.
1050 2580 1188 2651 Maioris
1200 2582 1299 2648 moli-

157 2681 250 2745 minis
269 2686 321 2748 est
340 2683 445 2750 altera
464 2684 560 2755 editio
581 2676 676 2776 quain
692 2685 776 2753 idem
797 2685 932 2772 quinque
943 2681 1154 2750 voluminibus
1169 2682 1300 2773 Lipsiae

157 2782 191 2847 in
205 2781 309 2848 lucem
322 2786 425 2853 emisit
439 2784 536 2854 1822
547 2786 665 2855 -28.
716 2784 875 2861 Continet,
887 2789 1017 2875 praeter
1030 2784 1158 2852 Graeca
1168 2782 1299 2852 Pausa-

158 2884 232 2949 niae
245 2885 414 2955 emendata
426 2893 653 2959 reversionem
665 2889 821 2958 Amasaei
831 2890 1036 2979 castigatam,
1055 2892 1300 2956 commentarios

160 2986 396 3074 copiosissimos
411 2992 462 3079 qui
475 3014 540 3061 non
551 2992 656 3061 solum
670 2994 755 3059 circa
772 3010 879 3058 rernm
890 3012 910 3057 a
923 2989 1085 3058 Pausania
1098 2996 1302 3058 narratarum

160 3087 405 3176 explicationem
417 3101 608 3186 versantur,
630 3094 688 3162 sed
700 3095 733 3162 id
746 3078 843 3161 etiam
855 3095 999 3185 apprime
1011 3100 1158 3183 spectant
1172 3100 1207 3161 nt
1219 3094 1302 3162 haee

161 3190 320 3259 Graeciae
346 3193 517 3284 descriptio
536 3218 630 3285 quam
648 3197 718 3264 lieri
736 3198 838 3287 possit
854 3199 999 3286 proxime
1021 3197 1063 3263 ad
1083 3197 1303 3286 integritatem

160 3291 357 3383 formamque
370 3299 511 3365 nativam
523 3288 704 3366 reducatur.
756 3298 807 3365 Dc
824 3297 973 3364 subsidiis
990 3302 1100 3385 quibus
1122 3298 1155 3364 id
1175 3303 1303 3388 assequi

161 3401 295 3463 conatus
315 3404 366 3466 est
387 3406 536 3468 accurate
559 3403 699 3491 disputat
722 3402 755 3466 iu
778 3397 979 3490 praelatione
999 3422 1031 3489 p.
1044 3398 1166 3467 XXVI
1180 3423 1250 3490 sqq.
1270 3409 1303 3471 et

162 3519 223 3587 qua
237 3507 287 3567 est
307 3502 506 3592 ingenuitate
518 3505 587 3594 ipse
601 3503 687 3571 haud
701 3504 784 3570 celat
797 3501 893 3569 valde
906 3508 1035 3570 tenuem
1048 3503 1107 3569 sibi
1121 3500 1163 3567 ad
1175 3525 1304 3572 manum

161 3598 262 3668 fuisse
288 3604 522 3693 supellectilem
550 3607 591 3673 ad
618 3606 802 3674 Pausaniae
825 3610 1031 3696 contextum,
1064 3626 1156 3695 quem
1184 3606 1303 3700 dicunt,

132 3702 135 3707 '
161 3704 397 3797 configendum,
448 3706 612 3785 Recenset
624 3712 732 3785 varias
744 3708 900 3777 lectiones
914 3706 1049 3776 duorum
1061 3708 1204 3780 codicum
1216 3710 1304 3779 Vin-

164 3910 372 3928 m..-

230 4038 260 4105 a)
277 4039 413 4121 lixomplis
429 4060 446 4095 a
462 4043 539 4098 stab.
558 4052 586 4098 et
602 4043 680 4097 Olus.
697 4042 810 4114 prolatis
827 4043 895 4097 adde
912 4044 955 4111 X,
972 4046 1022 4113 20,
1039 4046 1067 4099 9.
1085 4046 1132 4097 ubi
1147 4042 1243 4099 vitium
1258 4056 1304 4115 ty-

180 4104 264 4159 ornet.
281 4125 310 4159 m
328 4110 372 4163 ed.
389 4110 478 4164 Knlm.
498 4110 534 4166 τὰ
551 4110 580 4175 ἐς
596 4116 662 4182 τῆς,
680 4130 772 4182 parum
788 4115 882 4166 dextre
897 4114 996 4166 Pacius
1013 4114 1124 4166 mutavit
1139 4112 1169 4167 in
1189 4110 1225 4165 voi
1241 4118 1300 4181 τῆς.

187 4176 208 4227 i.
227 4176 306 4262 ctiam
323 4178 425 4231 Siebel.
444 4183 478 4234 ad
495 4184 536 4252 X,
553 4185 603 4252 at,
621 4183 648 4240 4.
666 4201 694 4255 p.
711 4184 778 4251 320,
795 4182 841 4235 ubi
857 4192 944 4237 tamtm
959 4184 1144 4253 corrigendum
1161 4201 1229 4255 „pro
1247 4184 1305 4239 vui·

163 4255 225 4313 gato
244 4250 414 4315 casrepav.“
