<?xml version="1.0" encoding="UTF-8"?>
<!DOCTYPE html PUBLIC "-//W3C//DTD XHTML 1.0 Transitional//EN"
    "http://www.w3.org/TR/xhtml1/DTD/xhtml1-transitional.dtd">
<html xmlns="http://www.w3.org/1999/xhtml" xml:lang="en" lang="en">
 <head>
  <title>
</title>
<meta http-equiv="Content-Type" content="text/html;charset=utf-8" />
  <meta name='ocr-system' content='tesseract 3.04.00' />
  <meta name='ocr-capabilities' content='ocr_page ocr_carea ocr_par ocr_line ocrx_word'/>
</head>
<body>
  <div class='ocr_page' id='page_1' title='image "./pausaniaedescri01pausgoog_0013.png"; bbox 0 0 2872 4846; ppageno 0'>
   <div class='ocr_carea' id='block_1_1' title="bbox 47 250 957 321">
    <p class='ocr_par' dir='ltr' id='par_1_1' title="bbox 47 250 957 321">
     <span class='ocr_line' id='line_1_1' title="bbox 47 250 957 321; baseline -0.011 0"><span class='ocrx_word' id='word_1_1' title='bbox 47 256 50 262; x_wconf 79' lang='grc'><strong>’</strong></span> <span class='ocrx_word' id='word_1_2' title='bbox 178 261 249 321; x_wconf 82' lang='lat' dir='ltr'><strong>vlu</strong></span> <span class='ocrx_word' id='word_1_3' title='bbox 546 250 957 315; x_wconf 83' lang='lat' dir='ltr'><strong>PRAEFATIO·</strong></span> 
     </span>
    </p>
   </div>
   <div class='ocr_carea' id='block_1_2' title="bbox 180 421 1399 3085">
    <p class='ocr_par' dir='ltr' id='par_1_2' title="bbox 180 421 1385 1755">
     <span class='ocr_line' id='line_1_2' title="bbox 180 421 1323 519; baseline -0.007 -20"><span class='ocrx_word' id='word_1_4' title='bbox 180 426 335 519; x_wconf 82' lang='lat' dir='ltr'>XXXV,</span> <span class='ocrx_word' id='word_1_5' title='bbox 361 432 394 495; x_wconf 88' lang='lat' dir='ltr'><strong>et</strong></span> <span class='ocrx_word' id='word_1_6' title='bbox 407 423 581 518; x_wconf 78' lang='lat' dir='ltr'><strong>Gloriari,</strong></span> <span class='ocrx_word' id='word_1_7' title='bbox 605 428 760 517; x_wconf 86' lang='lat' dir='ltr'><strong>p.leq.</strong></span> <span class='ocrx_word' id='word_1_8' title='bbox 778 421 839 517; x_wconf 57' lang='grc' dir='ltr'><strong>ῆς</strong></span> <span class='ocrx_word' id='word_1_9' title='bbox 870 430 904 493; x_wconf 87' lang='lat' dir='ltr'><strong>at</strong></span> <span class='ocrx_word' id='word_1_10' title='bbox 924 422 1113 492; x_wconf 86' lang='lat' dir='ltr'><strong>lectionibus</strong></span> <span class='ocrx_word' id='word_1_11' title='bbox 1136 445 1214 493; x_wconf 84' lang='lat' dir='ltr'><strong>usus</strong></span> <span class='ocrx_word' id='word_1_12' title='bbox 1239 430 1323 493; x_wconf 88' lang='lat' dir='ltr'><strong>estc</strong></span> 
     </span>
     <span class='ocr_line' id='line_1_3' title="bbox 182 525 1325 619; baseline -0.009 -16"><span class='ocrx_word' id='word_1_13' title='bbox 182 533 342 603; x_wconf 80' lang='lat' dir='ltr'><strong>codicibus</strong></span> <span class='ocrx_word' id='word_1_14' title='bbox 355 528 595 598; x_wconf 74' lang='lat' dir='ltr'><strong>vindobonensi</strong></span> <span class='ocrx_word' id='word_1_15' title='bbox 617 552 648 597; x_wconf 89' lang='lat' dir='ltr'><strong>a.</strong></span> <span class='ocrx_word' id='word_1_16' title='bbox 671 537 704 599; x_wconf 90' lang='lat' dir='ltr'><strong>ct</strong></span> <span class='ocrx_word' id='word_1_17' title='bbox 724 528 915 619; x_wconf 86' lang='lat' dir='ltr'><strong>Mosquensi</strong></span> <span class='ocrx_word' id='word_1_18' title='bbox 937 528 1115 617; x_wconf 80' lang='lat' dir='ltr'><strong>excerptis3</strong></span> <span class='ocrx_word' id='word_1_19' title='bbox 1142 525 1325 619; x_wconf 77' lang='lat' dir='ltr'><strong><em>excerptis</em></strong></span> 
     </span>
     <span class='ocr_line' id='line_1_4' title="bbox 183 622 1326 724; baseline -0.005 -20"><span class='ocrx_word' id='word_1_20' title='bbox 183 636 336 724; x_wconf 79' lang='lat' dir='ltr'>dicimus,</span> <span class='ocrx_word' id='word_1_21' title='bbox 357 652 432 699; x_wconf 86' lang='lat' dir='ltr'><strong>nam</strong></span> <span class='ocrx_word' id='word_1_22' title='bbox 453 622 641 701; x_wconf 86' lang='lat' dir='ltr'><strong>collationes</strong></span> <span class='ocrx_word' id='word_1_23' title='bbox 663 654 765 722; x_wconf 84' lang='lat' dir='ltr'><strong>neque</strong></span> <span class='ocrx_word' id='word_1_24' title='bbox 789 654 830 700; x_wconf 89' lang='lat' dir='ltr'><strong>ea</strong></span> <span class='ocrx_word' id='word_1_25' title='bbox 853 653 914 719; x_wconf 93' lang='lat' dir='ltr'><strong>qua</strong></span> <span class='ocrx_word' id='word_1_26' title='bbox 934 652 993 721; x_wconf 92' lang='lat' dir='ltr'><strong>par</strong></span> <span class='ocrx_word' id='word_1_27' title='bbox 1011 635 1082 696; x_wconf 91' lang='lat' dir='ltr'><strong>erat</strong></span> <span class='ocrx_word' id='word_1_28' title='bbox 1104 651 1199 720; x_wconf 84' lang='lat' dir='ltr'><strong>cura,</strong></span> <span class='ocrx_word' id='word_1_29' title='bbox 1221 651 1326 719; x_wconf 89' lang='lat' dir='ltr'><strong>neque</strong></span> 
     </span>
     <span class='ocr_line' id='line_1_5' title="bbox 184 733 1327 826; baseline -0.007 -18"><span class='ocrx_word' id='word_1_30' title='bbox 184 740 247 807; x_wconf 88' lang='lat' dir='ltr'><strong>lide</strong></span> <span class='ocrx_word' id='word_1_31' title='bbox 259 737 365 804; x_wconf 81' lang='lat' dir='ltr'><strong>factae</strong></span> <span class='ocrx_word' id='word_1_32' title='bbox 378 740 471 826; x_wconf 83' lang='lat' dir='ltr'><strong>sunt,</strong></span> <span class='ocrx_word' id='word_1_33' title='bbox 500 737 545 803; x_wconf 89' lang='lat' dir='ltr'><strong>ita</strong></span> <span class='ocrx_word' id='word_1_34' title='bbox 558 742 592 803; x_wconf 90' lang='lat' dir='ltr'><strong>ut</strong></span> <span class='ocrx_word' id='word_1_35' title='bbox 605 738 779 825; x_wconf 80' lang='lat' dir='ltr'><strong>specimina</strong></span> <span class='ocrx_word' id='word_1_36' title='bbox 791 736 897 825; x_wconf 87' lang='lat' dir='ltr'><strong>potius</strong></span> <span class='ocrx_word' id='word_1_37' title='bbox 912 754 1006 822; x_wconf 93' lang='lat' dir='ltr'><strong>quam</strong></span> <span class='ocrx_word' id='word_1_38' title='bbox 1018 734 1122 799; x_wconf 89' lang='lat' dir='ltr'><strong>iustae</strong></span> <span class='ocrx_word' id='word_1_39' title='bbox 1137 733 1327 801; x_wconf 88' lang='lat' dir='ltr'><strong>collationes</strong></span> 
     </span>
     <span class='ocr_line' id='line_1_6' title="bbox 186 834 1385 931; baseline -0.007 -22"><span class='ocrx_word' id='word_1_40' title='bbox 186 840 344 931; x_wconf 88' lang='lat' dir='ltr'><strong>appellari</strong></span> <span class='ocrx_word' id='word_1_41' title='bbox 355 840 498 927; x_wconf 81' lang='lat' dir='ltr'><strong>possint3</strong></span> <span class='ocrx_word' id='word_1_42' title='bbox 519 858 639 929; x_wconf 88' lang='lat' dir='ltr'><strong>eaeque</strong></span> <span class='ocrx_word' id='word_1_43' title='bbox 651 841 741 930; x_wconf 86' lang='lat' dir='ltr'><strong>ipsae</strong></span> <span class='ocrx_word' id='word_1_44' title='bbox 755 842 858 906; x_wconf 89' lang='lat' dir='ltr'><strong>minus</strong></span> <span class='ocrx_word' id='word_1_45' title='bbox 873 836 915 903; x_wconf 90' lang='lat' dir='ltr'><strong>ad</strong></span> <span class='ocrx_word' id='word_1_46' title='bbox 928 834 1146 903; x_wconf 87' lang='lat' dir='ltr'><strong>emendandos</strong></span> <span class='ocrx_word' id='word_1_47' title='bbox 1159 842 1327 926; x_wconf 86' lang='lat' dir='ltr'><strong>corruptos</strong></span> <span class='ocrx_word' id='word_1_48' title='bbox 1377 881 1385 893; x_wconf 84' lang='lat'><em>·</em></span> 
     </span>
     <span class='ocr_line' id='line_1_7' title="bbox 186 937 1328 1030; baseline -0.006 -19"><span class='ocrx_word' id='word_1_49' title='bbox 186 943 369 1011; x_wconf 80' lang='lat' dir='ltr'><strong>Pausaniae</strong></span> <span class='ocrx_word' id='word_1_50' title='bbox 380 941 471 1008; x_wconf 88' lang='lat' dir='ltr'><strong>locos</strong></span> <span class='ocrx_word' id='word_1_51' title='bbox 486 962 579 1030; x_wconf 92' lang='lat' dir='ltr'><strong>quam</strong></span> <span class='ocrx_word' id='word_1_52' title='bbox 598 940 640 1008; x_wconf 90' lang='lat' dir='ltr'><strong>ad</strong></span> <span class='ocrx_word' id='word_1_53' title='bbox 658 939 862 1010; x_wconf 83' lang='lat' dir='ltr'><strong>exornandas</strong></span> <span class='ocrx_word' id='word_1_54' title='bbox 881 946 975 1006; x_wconf 81' lang='lat' dir='ltr'><strong>notas</strong></span> <span class='ocrx_word' id='word_1_55' title='bbox 996 937 1328 1005; x_wconf 81' lang='lat' dir='ltr'><strong>adhibitae&#39;videntur.</strong></span> 
     </span>
     <span class='ocr_line' id='line_1_8' title="bbox 186 1039 1332 1135; baseline -0.008 -19"><span class='ocrx_word' id='word_1_56' title='bbox 186 1048 300 1134; x_wconf 89' lang='lat' dir='ltr'><strong>Neque</strong></span> <span class='ocrx_word' id='word_1_57' title='bbox 314 1050 422 1112; x_wconf 65' lang='lat' dir='ltr'><strong>amen</strong></span> <span class='ocrx_word' id='word_1_58' title='bbox 434 1046 551 1135; x_wconf 81' lang='lat' dir='ltr'><strong>negari</strong></span> <span class='ocrx_word' id='word_1_59' title='bbox 570 1050 678 1133; x_wconf 85' lang='lat' dir='ltr'><strong>potest</strong></span> <span class='ocrx_word' id='word_1_60' title='bbox 695 1046 802 1113; x_wconf 88' lang='lat' dir='ltr'><strong>multis</strong></span> <span class='ocrx_word' id='word_1_61' title='bbox 815 1046 847 1109; x_wconf 95' lang='lat' dir='ltr'><strong>in</strong></span> <span class='ocrx_word' id='word_1_62' title='bbox 860 1042 941 1110; x_wconf 90' lang='lat' dir='ltr'><strong>locis</strong></span> <span class='ocrx_word' id='word_1_63' title='bbox 955 1039 1137 1109; x_wconf 87' lang='lat' dir='ltr'><strong>Pausaniae</strong></span> <span class='ocrx_word' id='word_1_64' title='bbox 1149 1060 1332 1109; x_wconf 89' lang='lat' dir='ltr'><strong>sermonem</strong></span> 
     </span>
     <span class='ocr_line' id='line_1_9' title="bbox 188 1144 1332 1238; baseline -0.004 -22"><span class='ocrx_word' id='word_1_65' title='bbox 188 1171 211 1216; x_wconf 86' lang='lat' dir='ltr'><strong>a</strong></span> <span class='ocrx_word' id='word_1_66' title='bbox 222 1148 323 1216; x_wconf 79' lang='lat' dir='ltr'><strong>Facio</strong></span> <span class='ocrx_word' id='word_1_67' title='bbox 340 1144 475 1214; x_wconf 75' lang='lat' dir='ltr'><strong>feliciter</strong></span> <span class='ocrx_word' id='word_1_68' title='bbox 487 1168 530 1214; x_wconf 90' lang='lat' dir='ltr'><strong>ex</strong></span> <span class='ocrx_word' id='word_1_69' title='bbox 542 1149 673 1238; x_wconf 81' lang='lat' dir='ltr'><strong>ingenio</strong></span> <span class='ocrx_word' id='word_1_70' title='bbox 689 1169 763 1215; x_wconf 91' lang='lat' dir='ltr'><strong>esse</strong></span> <span class='ocrx_word' id='word_1_71' title='bbox 776 1147 969 1234; x_wconf 77' lang='lat' dir='ltr'><strong>restitutum,</strong></span> <span class='ocrx_word' id='word_1_72' title='bbox 996 1145 1139 1233; x_wconf 86' lang='lat' dir='ltr'><strong>quamvis</strong></span> <span class='ocrx_word' id='word_1_73' title='bbox 1151 1144 1235 1212; x_wconf 88' lang='lat' dir='ltr'><strong>iusto</strong></span> <span class='ocrx_word' id='word_1_74' title='bbox 1249 1165 1332 1211; x_wconf 89' lang='lat' dir='ltr'><strong>cau-</strong></span> 
     </span>
     <span class='ocr_line' id='line_1_10' title="bbox 189 1246 1332 1337; baseline -0.007 -17"><span class='ocrx_word' id='word_1_75' title='bbox 189 1253 254 1320; x_wconf 81' lang='lat' dir='ltr'><strong>tior</strong></span> <span class='ocrx_word' id='word_1_76' title='bbox 265 1250 463 1319; x_wconf 85' lang='lat' dir='ltr'><strong>coniecturas</strong></span> <span class='ocrx_word' id='word_1_77' title='bbox 477 1272 551 1318; x_wconf 88' lang='lat' dir='ltr'><strong>raro</strong></span> <span class='ocrx_word' id='word_1_78' title='bbox 565 1252 597 1317; x_wconf 92' lang='lat' dir='ltr'><strong>in</strong></span> <span class='ocrx_word' id='word_1_79' title='bbox 609 1257 732 1319; x_wconf 84' lang='lat' dir='ltr'><strong>textum</strong></span> <span class='ocrx_word' id='word_1_80' title='bbox 744 1249 876 1337; x_wconf 90' lang='lat' dir='ltr'><strong>recepit.</strong></span> <span class='ocrx_word' id='word_1_81' title='bbox 897 1284 945 1295; x_wconf 96' lang='lat'>—</span> <span class='ocrx_word' id='word_1_82' title='bbox 965 1246 1088 1314; x_wconf 82' lang='lat' dir='ltr'><strong>&#39;Pomus</strong></span> <span class='ocrx_word' id='word_1_83' title='bbox 1103 1252 1234 1334; x_wconf 89' lang='lat' dir='ltr'><strong>quartus</strong></span> <span class='ocrx_word' id='word_1_84' title='bbox 1249 1267 1332 1315; x_wconf 91' lang='lat' dir='ltr'><strong>con-</strong></span> 
     </span>
     <span class='ocr_line' id='line_1_11' title="bbox 190 1347 1332 1441; baseline -0.009 -18"><span class='ocrx_word' id='word_1_85' title='bbox 190 1357 272 1423; x_wconf 83' lang='lat' dir='ltr'><strong>tinet</strong></span> <span class='ocrx_word' id='word_1_86' title='bbox 283 1352 440 1421; x_wconf 83' lang='lat' dir='ltr'><strong>Amasaei</strong></span> <span class='ocrx_word' id='word_1_87' title='bbox 449 1356 630 1423; x_wconf 87' lang='lat' dir='ltr'><strong>versionem</strong></span> <span class='ocrx_word' id='word_1_88' title='bbox 640 1355 785 1423; x_wconf 89' lang='lat' dir='ltr'><strong>latinam.</strong></span> <span class='ocrx_word' id='word_1_89' title='bbox 836 1349 963 1417; x_wconf 85' lang='lat' dir='ltr'><strong>Primus</strong></span> <span class='ocrx_word' id='word_1_90' title='bbox 987 1350 1017 1415; x_wconf 92' lang='lat' dir='ltr'><strong>in</strong></span> <span class='ocrx_word' id='word_1_91' title='bbox 1031 1355 1202 1441; x_wconf 81' lang='lat' dir='ltr'><strong>segmenta</strong></span> <span class='ocrx_word' id='word_1_92' title='bbox 1215 1347 1332 1416; x_wconf 89' lang='lat' dir='ltr'><strong>distin-</strong></span> 
     </span>
     <span class='ocr_line' id='line_1_12' title="bbox 192 1452 1334 1545; baseline -0.005 -20"><span class='ocrx_word' id='word_1_93' title='bbox 192 1459 241 1525; x_wconf 83' lang='lat' dir='ltr'><strong>xit</strong></span> <span class='ocrx_word' id='word_1_94' title='bbox 255 1458 371 1545; x_wconf 86' lang='lat' dir='ltr'><strong>capita.</strong></span> <span class='ocrx_word' id='word_1_95' title='bbox 401 1492 448 1503; x_wconf 88' lang='lat'>—</span> <span class='ocrx_word' id='word_1_96' title='bbox 479 1456 509 1525; x_wconf 80' lang='lat'><strong>11</strong></span> <span class='ocrx_word' id='word_1_97' title='bbox 530 1456 620 1524; x_wconf 84' lang='lat' dir='ltr'><strong>Parii</strong></span> <span class='ocrx_word' id='word_1_98' title='bbox 640 1458 778 1525; x_wconf 83' lang='lat' dir='ltr'><strong>editione</strong></span> <span class='ocrx_word' id='word_1_99' title='bbox 798 1454 911 1544; x_wconf 89' lang='lat' dir='ltr'><strong>procul</strong></span> <span class='ocrx_word' id='word_1_100' title='bbox 932 1452 1025 1521; x_wconf 89' lang='lat' dir='ltr'><strong>dubio</strong></span> <span class='ocrx_word' id='word_1_101' title='bbox 1043 1472 1085 1519; x_wconf 88' lang='lat' dir='ltr'><strong>ca</strong></span> <span class='ocrx_word' id='word_1_102' title='bbox 1104 1472 1261 1541; x_wconf 82' lang='lat' dir='ltr'><strong>expressa</strong></span> <span class='ocrx_word' id='word_1_103' title='bbox 1283 1456 1334 1519; x_wconf 87' lang='lat' dir='ltr'><strong>est</strong></span> 
     </span>
     <span class='ocr_line' id='line_1_13' title="bbox 194 1554 1334 1648; baseline -0.005 -21"><span class='ocrx_word' id='word_1_104' title='bbox 194 1580 288 1648; x_wconf 91' lang='lat' dir='ltr'><strong>quam</strong></span> <span class='ocrx_word' id='word_1_105' title='bbox 306 1557 487 1626; x_wconf 80' lang='lat' dir='ltr'><strong>&#39;Pauchuitn</strong></span> <span class='ocrx_word' id='word_1_106' title='bbox 508 1581 592 1629; x_wconf 92' lang='lat' dir='ltr'><strong>anno</strong></span> <span class='ocrx_word' id='word_1_107' title='bbox 619 1559 731 1631; x_wconf 89' lang='lat'>1818.</span> <span class='ocrx_word' id='word_1_108' title='bbox 752 1560 853 1628; x_wconf 85' lang='lat' dir='ltr'><strong>tribus</strong></span> <span class='ocrx_word' id='word_1_109' title='bbox 874 1554 1164 1625; x_wconf 79' lang='lat' dir='ltr'><strong>voluminibus12.</strong></span> <span class='ocrx_word' id='word_1_110' title='bbox 1185 1554 1334 1623; x_wconf 88' lang='lat' dir='ltr'><strong>inlucem</strong></span> 
     </span>
     <span class='ocr_line' id='line_1_14' title="bbox 194 1660 837 1755; baseline -0.006 -25"><span class='ocrx_word' id='word_1_111' title='bbox 194 1663 309 1731; x_wconf 83' lang='lat' dir='ltr'><strong>emisit.</strong></span> <span class='ocrx_word' id='word_1_112' title='bbox 360 1660 543 1730; x_wconf 76' lang='lat' dir='ltr'><strong>Editionem</strong></span> <span class='ocrx_word' id='word_1_113' title='bbox 556 1686 619 1732; x_wconf 90' lang='lat' dir='ltr'><strong>non</strong></span> <span class='ocrx_word' id='word_1_114' title='bbox 629 1666 837 1755; x_wconf 79' lang='lat' dir='ltr'><strong>inspeximus.</strong></span> 
     </span>
    </p>

    <p class='ocr_par' dir='ltr' id='par_1_3' title="bbox 195 1758 1399 3085">
     <span class='ocr_line' id='line_1_15' title="bbox 297 1758 1336 1853; baseline -0.008 -20"><span class='ocrx_word' id='word_1_115' title='bbox 297 1764 417 1833; x_wconf 86' lang='lat' dir='ltr'><strong>Maiori</strong></span> <span class='ocrx_word' id='word_1_116' title='bbox 429 1768 517 1853; x_wconf 90' lang='lat' dir='ltr'><strong>operi</strong></span> <span class='ocrx_word' id='word_1_117' title='bbox 530 1764 609 1836; x_wconf 77' lang='lat' dir='ltr'><strong>Gar.</strong></span> <span class='ocrx_word' id='word_1_118' title='bbox 624 1767 762 1836; x_wconf 78' lang='lat' dir='ltr'><strong>Godofr.</strong></span> <span class='ocrx_word' id='word_1_119' title='bbox 777 1760 917 1835; x_wconf 80' lang='lat' dir='ltr'><strong>Siebelis</strong></span> <span class='ocrx_word' id='word_1_120' title='bbox 937 1762 1094 1851; x_wconf 83' lang='lat' dir='ltr'><strong>praelusit</strong></span> <span class='ocrx_word' id='word_1_121' title='bbox 1116 1758 1255 1828; x_wconf 78' lang='lat' dir='ltr'><strong>editione</strong></span> <span class='ocrx_word' id='word_1_122' title='bbox 1271 1760 1336 1826; x_wconf 93' lang='lat' dir='ltr'><strong>mi-</strong></span> 
     </span>
     <span class='ocr_line' id='line_1_16' title="bbox 195 1862 1336 1962; baseline -0.007 -27"><span class='ocrx_word' id='word_1_123' title='bbox 195 1888 276 1936; x_wconf 90' lang='lat' dir='ltr'><strong>nore</strong></span> <span class='ocrx_word' id='word_1_124' title='bbox 298 1890 391 1956; x_wconf 88' lang='lat' dir='ltr'><strong>quam</strong></span> <span class='ocrx_word' id='word_1_125' title='bbox 410 1867 572 1936; x_wconf 86' lang='lat' dir='ltr'><strong>volumine</strong></span> <span class='ocrx_word' id='word_1_126' title='bbox 591 1878 717 1962; x_wconf 76' lang='lat' dir='ltr'><strong>quiante,</strong></span> <span class='ocrx_word' id='word_1_127' title='bbox 742 1869 849 1959; x_wconf 92' lang='lat' dir='ltr'><strong>quinto</strong></span> <span class='ocrx_word' id='word_1_128' title='bbox 872 1870 905 1931; x_wconf 89' lang='lat' dir='ltr'><strong>et</strong></span> <span class='ocrx_word' id='word_1_129' title='bbox 925 1871 1018 1932; x_wconf 87' lang='lat' dir='ltr'><strong>sexto</strong></span> <span class='ocrx_word' id='word_1_130' title='bbox 1040 1863 1261 1952; x_wconf 86' lang='lat' dir='ltr'><strong>complectitur</strong></span> <span class='ocrx_word' id='word_1_131' title='bbox 1273 1862 1336 1930; x_wconf 84' lang='lat' dir='ltr'><strong>lli-</strong></span> 
     </span>
     <span class='ocr_line' id='line_1_17' title="bbox 195 1963 1336 2058; baseline -0.005 -21"><span class='ocrx_word' id='word_1_132' title='bbox 195 1971 356 2038; x_wconf 83' lang='lat' dir='ltr'><strong>blial-heca</strong></span> <span class='ocrx_word' id='word_1_133' title='bbox 367 1970 591 2039; x_wconf 90' lang='lat' dir='ltr'><strong>Prosaicorum</strong></span> <span class='ocrx_word' id='word_1_134' title='bbox 604 1974 803 2042; x_wconf 80' lang='lat' dir='ltr'><strong>Graecorum</strong></span> <span class='ocrx_word' id='word_1_135' title='bbox 813 1990 834 2035; x_wconf 93' lang='lat' dir='ltr'><strong>a</strong></span> <span class='ocrx_word' id='word_1_136' title='bbox 846 1966 1014 2058; x_wconf 81' lang='lat' dir='ltr'><strong>Weigelio</strong></span> <span class='ocrx_word' id='word_1_137' title='bbox 1029 1967 1161 2056; x_wconf 85' lang='lat' dir='ltr'><strong>Lipsiae</strong></span> <span class='ocrx_word' id='word_1_138' title='bbox 1177 1963 1276 2032; x_wconf 88' lang='lat'>1818</span> <span class='ocrx_word' id='word_1_139' title='bbox 1289 2001 1336 2013; x_wconf 95' lang='lat'>-</span> 
     </span>
     <span class='ocr_line' id='line_1_18' title="bbox 201 2066 1338 2164; baseline -0.005 -25"><span class='ocrx_word' id='word_1_140' title='bbox 201 2072 261 2139; x_wconf 89' lang='grc'><strong>19.</strong></span> <span class='ocrx_word' id='word_1_141' title='bbox 282 2072 379 2140; x_wconf 86' lang='lat' dir='ltr'><strong>edita.</strong></span> <span class='ocrx_word' id='word_1_142' title='bbox 430 2073 547 2141; x_wconf 87' lang='lat' dir='ltr'><strong>Novae</strong></span> <span class='ocrx_word' id='word_1_143' title='bbox 567 2077 691 2164; x_wconf 85' lang='lat' dir='ltr'><strong>quidem</strong></span> <span class='ocrx_word' id='word_1_144' title='bbox 711 2072 905 2142; x_wconf 81' lang='lat' dir='ltr'><strong>recensionis</strong></span> <span class='ocrx_word' id='word_1_145' title='bbox 926 2090 1006 2159; x_wconf 87' lang='lat' dir='ltr'><strong>prae</strong></span> <span class='ocrx_word' id='word_1_146' title='bbox 1026 2090 1063 2137; x_wconf 89' lang='lat' dir='ltr'><strong>se</strong></span> <span class='ocrx_word' id='word_1_147' title='bbox 1085 2066 1150 2135; x_wconf 85' lang='lat' dir='ltr'><strong>fert</strong></span> <span class='ocrx_word' id='word_1_148' title='bbox 1172 2087 1287 2136; x_wconf 89' lang='lat' dir='ltr'><strong>nomen</strong></span> <span class='ocrx_word' id='word_1_149' title='bbox 1306 2069 1338 2133; x_wconf 93' lang='lat' dir='ltr'><strong>in</strong></span> 
     </span>
     <span class='ocr_line' id='line_1_19' title="bbox 198 2160 1339 2264; baseline -0.007 -21"><span class='ocrx_word' id='word_1_150' title='bbox 198 2160 361 2264; x_wconf 50' lang='lat' dir='ltr'><strong>titulosat</strong></span> <span class='ocrx_word' id='word_1_151' title='bbox 381 2175 443 2244; x_wconf 89' lang='lat' dir='ltr'><strong>hoc</strong></span> <span class='ocrx_word' id='word_1_152' title='bbox 463 2197 499 2244; x_wconf 91' lang='lat' dir='ltr'><strong>se</strong></span> <span class='ocrx_word' id='word_1_153' title='bbox 519 2180 640 2250; x_wconf 87' lang='lat' dir='ltr'><strong>sciente</strong></span> <span class='ocrx_word' id='word_1_154' title='bbox 662 2186 695 2248; x_wconf 89' lang='lat' dir='ltr'><strong>et</strong></span> <span class='ocrx_word' id='word_1_155' title='bbox 714 2178 845 2247; x_wconf 87' lang='lat' dir='ltr'><strong>volente</strong></span> <span class='ocrx_word' id='word_1_156' title='bbox 865 2172 1008 2241; x_wconf 85' lang='lat' dir='ltr'><strong>additum</strong></span> <span class='ocrx_word' id='word_1_157' title='bbox 1020 2178 1122 2263; x_wconf 81' lang='lat' dir='ltr'><strong>negat</strong></span> <span class='ocrx_word' id='word_1_158' title='bbox 1135 2170 1239 2239; x_wconf 90' lang='lat' dir='ltr'><strong>editor</strong></span> <span class='ocrx_word' id='word_1_159' title='bbox 1251 2168 1280 2261; x_wconf 78' lang='lat'><strong>1,</strong></span> <span class='ocrx_word' id='word_1_160' title='bbox 1307 2191 1339 2259; x_wconf 94' lang='lat' dir='ltr'><strong>p.</strong></span> 
     </span>
     <span class='ocr_line' id='line_1_20' title="bbox 198 2272 1340 2367; baseline -0.005 -23"><span class='ocrx_word' id='word_1_161' title='bbox 198 2276 372 2344; x_wconf 89' lang='lat' dir='ltr'>XXXlX.</span> <span class='ocrx_word' id='word_1_162' title='bbox 424 2278 576 2363; x_wconf 75' lang='lat' dir='ltr'><strong>Quamvis</strong></span> <span class='ocrx_word' id='word_1_163' title='bbox 595 2305 674 2352; x_wconf 88' lang='lat' dir='ltr'><strong>vero</strong></span> <span class='ocrx_word' id='word_1_164' title='bbox 694 2281 736 2347; x_wconf 89' lang='lat' dir='ltr'><strong>ad</strong></span> <span class='ocrx_word' id='word_1_165' title='bbox 755 2298 861 2348; x_wconf 87' lang='lat' dir='ltr'><strong>novae</strong></span> <span class='ocrx_word' id='word_1_166' title='bbox 874 2277 1068 2344; x_wconf 87' lang='lat' dir='ltr'><strong>recensionis</strong></span> <span class='ocrx_word' id='word_1_167' title='bbox 1082 2272 1214 2367; x_wconf 91' lang='lat' dir='ltr'><strong>laudem</strong></span> <span class='ocrx_word' id='word_1_168' title='bbox 1225 2272 1340 2362; x_wconf 90' lang='lat' dir='ltr'><strong>adspi-</strong></span> 
     </span>
     <span class='ocr_line' id='line_1_21' title="bbox 199 2376 1340 2472; baseline -0.002 -28"><span class='ocrx_word' id='word_1_169' title='bbox 199 2400 274 2445; x_wconf 89' lang='lat' dir='ltr'><strong>rare</strong></span> <span class='ocrx_word' id='word_1_170' title='bbox 295 2402 359 2447; x_wconf 91' lang='lat' dir='ltr'><strong>nou</strong></span> <span class='ocrx_word' id='word_1_171' title='bbox 378 2388 486 2470; x_wconf 87' lang='lat' dir='ltr'><strong>potest</strong></span> <span class='ocrx_word' id='word_1_172' title='bbox 507 2386 611 2454; x_wconf 88' lang='lat' dir='ltr'><strong>minor</strong></span> <span class='ocrx_word' id='word_1_173' title='bbox 627 2387 710 2454; x_wconf 88' lang='lat' dir='ltr'><strong>haec</strong></span> <span class='ocrx_word' id='word_1_174' title='bbox 730 2383 840 2472; x_wconf 84' lang='lat' dir='ltr'><strong>editio,</strong></span> <span class='ocrx_word' id='word_1_175' title='bbox 860 2402 925 2449; x_wconf 92' lang='lat' dir='ltr'><strong>non</strong></span> <span class='ocrx_word' id='word_1_176' title='bbox 945 2380 1054 2469; x_wconf 90' lang='lat' dir='ltr'><strong>paucis</strong></span> <span class='ocrx_word' id='word_1_177' title='bbox 1077 2385 1183 2445; x_wconf 59' lang='lat' dir='ltr'><strong>amen</strong></span> <span class='ocrx_word' id='word_1_178' title='bbox 1203 2376 1237 2443; x_wconf 94' lang='lat' dir='ltr'><strong>in</strong></span> <span class='ocrx_word' id='word_1_179' title='bbox 1258 2376 1340 2444; x_wconf 88' lang='lat' dir='ltr'><strong>locis</strong></span> 
     </span>
     <span class='ocr_line' id='line_1_22' title="bbox 200 2478 1341 2581; baseline 0 -35"><span class='ocrx_word' id='word_1_180' title='bbox 200 2483 399 2570; x_wconf 85' lang='lat' dir='ltr'><strong>corruptelas</strong></span> <span class='ocrx_word' id='word_1_181' title='bbox 413 2487 468 2550; x_wconf 88' lang='lat' dir='ltr'><strong>vel</strong></span> <span class='ocrx_word' id='word_1_182' title='bbox 489 2507 531 2553; x_wconf 88' lang='lat' dir='ltr'><strong>ex</strong></span> <span class='ocrx_word' id='word_1_183' title='bbox 552 2488 684 2581; x_wconf 85' lang='lat' dir='ltr'><strong>ingenio</strong></span> <span class='ocrx_word' id='word_1_184' title='bbox 696 2487 752 2555; x_wconf 89' lang='lat' dir='ltr'><strong>vel</strong></span> <span class='ocrx_word' id='word_1_185' title='bbox 764 2484 907 2553; x_wconf 91' lang='lat' dir='ltr'><strong>codicum</strong></span> <span class='ocrx_word' id='word_1_186' title='bbox 920 2482 1109 2551; x_wconf 86' lang='lat' dir='ltr'><strong>auctoritate</strong></span> <span class='ocrx_word' id='word_1_187' title='bbox 1123 2500 1144 2546; x_wconf 93' lang='lat' dir='ltr'><strong>a</strong></span> <span class='ocrx_word' id='word_1_188' title='bbox 1156 2478 1341 2548; x_wconf 85' lang='lat' dir='ltr'><strong>doctissimo</strong></span> 
     </span>
     <span class='ocr_line' id='line_1_23' title="bbox 200 2581 1343 2670; baseline -0.003 -20"><span class='ocrx_word' id='word_1_189' title='bbox 200 2602 303 2670; x_wconf 85' lang='lat' dir='ltr'><strong>acque</strong></span> <span class='ocrx_word' id='word_1_190' title='bbox 323 2604 362 2650; x_wconf 91' lang='lat' dir='ltr'><strong>ac</strong></span> <span class='ocrx_word' id='word_1_191' title='bbox 379 2583 613 2659; x_wconf 88' lang='lat' dir='ltr'><strong>modestissimo</strong></span> <span class='ocrx_word' id='word_1_192' title='bbox 632 2593 702 2657; x_wconf 89' lang='lat' dir='ltr'><strong>viro</strong></span> <span class='ocrx_word' id='word_1_193' title='bbox 723 2589 866 2655; x_wconf 88' lang='lat' dir='ltr'><strong>sublatas</strong></span> <span class='ocrx_word' id='word_1_194' title='bbox 885 2586 1043 2652; x_wconf 83' lang='lat' dir='ltr'><strong>videmus.</strong></span> <span class='ocrx_word' id='word_1_195' title='bbox 1094 2581 1231 2653; x_wconf 81' lang='lat' dir='ltr'><strong>Maioris</strong></span> <span class='ocrx_word' id='word_1_196' title='bbox 1243 2582 1343 2648; x_wconf 94' lang='lat' dir='ltr'><strong>moli-</strong></span> 
     </span>
     <span class='ocr_line' id='line_1_24' title="bbox 200 2680 1343 2781; baseline -0.002 -30"><span class='ocrx_word' id='word_1_197' title='bbox 200 2686 293 2751; x_wconf 89' lang='lat' dir='ltr'><strong>minis</strong></span> <span class='ocrx_word' id='word_1_198' title='bbox 312 2692 364 2753; x_wconf 87' lang='lat' dir='ltr'><strong>est</strong></span> <span class='ocrx_word' id='word_1_199' title='bbox 383 2687 488 2754; x_wconf 90' lang='lat' dir='ltr'><strong>altera</strong></span> <span class='ocrx_word' id='word_1_200' title='bbox 507 2687 602 2759; x_wconf 90' lang='lat' dir='ltr'><strong>editio</strong></span> <span class='ocrx_word' id='word_1_201' title='bbox 624 2680 719 2781; x_wconf 88' lang='lat' dir='ltr'><strong>quam</strong></span> <span class='ocrx_word' id='word_1_202' title='bbox 735 2688 820 2755; x_wconf 91' lang='lat' dir='ltr'><strong>idem</strong></span> <span class='ocrx_word' id='word_1_203' title='bbox 840 2688 975 2776; x_wconf 91' lang='lat' dir='ltr'><strong>quinque</strong></span> <span class='ocrx_word' id='word_1_204' title='bbox 987 2684 1198 2753; x_wconf 81' lang='lat' dir='ltr'><strong>voluminibus</strong></span> <span class='ocrx_word' id='word_1_205' title='bbox 1211 2684 1343 2773; x_wconf 84' lang='lat' dir='ltr'><strong>Lipsiae</strong></span> 
     </span>
     <span class='ocr_line' id='line_1_25' title="bbox 200 2783 1342 2879; baseline 0 -26"><span class='ocrx_word' id='word_1_206' title='bbox 200 2788 234 2853; x_wconf 92' lang='lat' dir='ltr'><strong>in</strong></span> <span class='ocrx_word' id='word_1_207' title='bbox 248 2786 352 2853; x_wconf 86' lang='lat' dir='ltr'><strong>lucem</strong></span> <span class='ocrx_word' id='word_1_208' title='bbox 365 2791 468 2858; x_wconf 90' lang='lat' dir='ltr'><strong>emisit</strong></span> <span class='ocrx_word' id='word_1_209' title='bbox 482 2788 580 2859; x_wconf 79' lang='lat'><strong>1822</strong></span> <span class='ocrx_word' id='word_1_210' title='bbox 590 2790 708 2861; x_wconf 79' lang='lat'><strong>-28</strong></span> <span class='ocrx_word' id='word_1_211' title='bbox 759 2788 919 2863; x_wconf 76' lang='lat' dir='ltr'><strong>Continet,</strong></span> <span class='ocrx_word' id='word_1_212' title='bbox 930 2792 1060 2879; x_wconf 89' lang='lat' dir='ltr'><strong>praeter</strong></span> <span class='ocrx_word' id='word_1_213' title='bbox 1073 2787 1202 2855; x_wconf 82' lang='lat' dir='ltr'><strong>Graeca</strong></span> <span class='ocrx_word' id='word_1_214' title='bbox 1212 2783 1342 2853; x_wconf 89' lang='lat' dir='ltr'><strong>Pausa-</strong></span> 
     </span>
     <span class='ocr_line' id='line_1_26' title="bbox 201 2886 1399 2982; baseline -0.003 -25"><span class='ocrx_word' id='word_1_215' title='bbox 201 2890 275 2957; x_wconf 85' lang='lat' dir='ltr'><strong>niae</strong></span> <span class='ocrx_word' id='word_1_216' title='bbox 289 2890 457 2960; x_wconf 89' lang='lat' dir='ltr'><strong>emendata</strong></span> <span class='ocrx_word' id='word_1_217' title='bbox 470 2898 696 2965; x_wconf 69' lang='lat' dir='ltr'><strong>adversionem</strong></span> <span class='ocrx_word' id='word_1_218' title='bbox 709 2892 864 2962; x_wconf 81' lang='lat' dir='ltr'><strong>Amasaei</strong></span> <span class='ocrx_word' id='word_1_219' title='bbox 875 2892 1079 2982; x_wconf 81' lang='lat' dir='ltr'><strong>castigatam,</strong></span> <span class='ocrx_word' id='word_1_220' title='bbox 1098 2886 1344 2958; x_wconf 83' lang='lat' dir='ltr'><strong>commentarios</strong></span> <span class='ocrx_word' id='word_1_221' title='bbox 1396 2908 1399 2913; x_wconf 92' lang='lat'>·</span> 
     </span>
     <span class='ocr_line' id='line_1_27' title="bbox 203 2992 1346 3085; baseline -0.001 -25"><span class='ocrx_word' id='word_1_222' title='bbox 203 2992 440 3080; x_wconf 84' lang='lat' dir='ltr'><strong>copiosissimos</strong></span> <span class='ocrx_word' id='word_1_223' title='bbox 455 2997 506 3085; x_wconf 94' lang='lat' dir='ltr'><strong>qui</strong></span> <span class='ocrx_word' id='word_1_224' title='bbox 519 3020 583 3066; x_wconf 91' lang='lat' dir='ltr'><strong>non</strong></span> <span class='ocrx_word' id='word_1_225' title='bbox 594 2998 700 3066; x_wconf 90' lang='lat' dir='ltr'><strong>solum</strong></span> <span class='ocrx_word' id='word_1_226' title='bbox 714 2999 799 3064; x_wconf 85' lang='lat' dir='ltr'><strong>circa</strong></span> <span class='ocrx_word' id='word_1_227' title='bbox 815 3014 922 3062; x_wconf 92' lang='lat' dir='ltr'><strong>rerum</strong></span> <span class='ocrx_word' id='word_1_228' title='bbox 934 3016 954 3061; x_wconf 90' lang='lat' dir='ltr'><strong>a</strong></span> <span class='ocrx_word' id='word_1_229' title='bbox 967 2993 1130 3061; x_wconf 91' lang='lat' dir='ltr'><strong>Pausania</strong></span> <span class='ocrx_word' id='word_1_230' title='bbox 1142 2998 1346 3061; x_wconf 88' lang='lat' dir='ltr'><strong>narratarum</strong></span> 
     </span>
    </p>
   </div>
   <div class='ocr_carea' id='block_1_3' title="bbox 204 3084 1349 3809">
    <p class='ocr_par' dir='ltr' id='par_1_4' title="bbox 204 3084 1349 3809">
     <span class='ocr_line' id='line_1_28' title="bbox 204 3084 1346 3191; baseline 0.001 -30"><span class='ocrx_word' id='word_1_231' title='bbox 204 3095 450 3183; x_wconf 85' lang='lat' dir='ltr'><strong>explicationem</strong></span> <span class='ocrx_word' id='word_1_232' title='bbox 461 3106 651 3191; x_wconf 81' lang='lat' dir='ltr'><strong>versantur,</strong></span> <span class='ocrx_word' id='word_1_233' title='bbox 674 3099 733 3167; x_wconf 87' lang='lat' dir='ltr'><strong>scd</strong></span> <span class='ocrx_word' id='word_1_234' title='bbox 744 3100 777 3167; x_wconf 96' lang='lat' dir='ltr'><strong>id</strong></span> <span class='ocrx_word' id='word_1_235' title='bbox 790 3084 886 3166; x_wconf 88' lang='lat' dir='ltr'><strong>etiam</strong></span> <span class='ocrx_word' id='word_1_236' title='bbox 899 3098 1043 3187; x_wconf 89' lang='lat' dir='ltr'><strong>apprime</strong></span> <span class='ocrx_word' id='word_1_237' title='bbox 1054 3100 1202 3184; x_wconf 89' lang='lat' dir='ltr'><strong>spectant</strong></span> <span class='ocrx_word' id='word_1_238' title='bbox 1216 3100 1251 3161; x_wconf 93' lang='lat' dir='ltr'><strong>ut</strong></span> <span class='ocrx_word' id='word_1_239' title='bbox 1263 3094 1346 3162; x_wconf 88' lang='lat' dir='ltr'><strong>haec</strong></span> 
     </span>
     <span class='ocr_line' id='line_1_29' title="bbox 205 3196 1347 3297; baseline 0.001 -33"><span class='ocrx_word' id='word_1_240' title='bbox 205 3196 364 3265; x_wconf 79' lang='lat' dir='ltr'><strong>Graeciae</strong></span> <span class='ocrx_word' id='word_1_241' title='bbox 390 3198 560 3290; x_wconf 90' lang='lat' dir='ltr'><strong>descriptio</strong></span> <span class='ocrx_word' id='word_1_242' title='bbox 580 3224 673 3297; x_wconf 89' lang='lat' dir='ltr'><strong>quam</strong></span> <span class='ocrx_word' id='word_1_243' title='bbox 692 3203 761 3270; x_wconf 88' lang='lat' dir='ltr'><strong>lieri</strong></span> <span class='ocrx_word' id='word_1_244' title='bbox 780 3202 881 3291; x_wconf 90' lang='lat' dir='ltr'><strong>possit</strong></span> <span class='ocrx_word' id='word_1_245' title='bbox 898 3202 1043 3289; x_wconf 85' lang='lat' dir='ltr'><strong>proxime</strong></span> <span class='ocrx_word' id='word_1_246' title='bbox 1065 3198 1107 3265; x_wconf 89' lang='lat' dir='ltr'><strong>ad</strong></span> <span class='ocrx_word' id='word_1_247' title='bbox 1127 3197 1347 3287; x_wconf 81' lang='lat' dir='ltr'><strong>integritatem</strong></span> 
     </span>
     <span class='ocr_line' id='line_1_30' title="bbox 204 3298 1347 3389; baseline 0 -22"><span class='ocrx_word' id='word_1_248' title='bbox 204 3298 401 3389; x_wconf 81' lang='lat' dir='ltr'><strong>formamque</strong></span> <span class='ocrx_word' id='word_1_249' title='bbox 414 3304 555 3370; x_wconf 90' lang='lat' dir='ltr'><strong>nativam</strong></span> <span class='ocrx_word' id='word_1_250' title='bbox 566 3304 748 3372; x_wconf 87' lang='lat' dir='ltr'><strong>reducatur.</strong></span> <span class='ocrx_word' id='word_1_251' title='bbox 800 3302 850 3371; x_wconf 79' lang='lat' dir='ltr'><strong>llo</strong></span> <span class='ocrx_word' id='word_1_252' title='bbox 869 3300 1017 3368; x_wconf 79' lang='lat' dir='ltr'><strong>subsidiis</strong></span> <span class='ocrx_word' id='word_1_253' title='bbox 1034 3303 1144 3389; x_wconf 90' lang='lat' dir='ltr'><strong>quibus</strong></span> <span class='ocrx_word' id='word_1_254' title='bbox 1166 3299 1199 3366; x_wconf 93' lang='lat' dir='ltr'><strong>id</strong></span> <span class='ocrx_word' id='word_1_255' title='bbox 1219 3302 1347 3389; x_wconf 88' lang='lat' dir='ltr'><strong>assequi</strong></span> 
     </span>
     <span class='ocr_line' id='line_1_31' title="bbox 205 3400 1347 3497; baseline 0.003 -29"><span class='ocrx_word' id='word_1_256' title='bbox 205 3408 338 3471; x_wconf 87' lang='lat' dir='ltr'><strong>conatus</strong></span> <span class='ocrx_word' id='word_1_257' title='bbox 360 3409 411 3471; x_wconf 91' lang='lat' dir='ltr'><strong>est</strong></span> <span class='ocrx_word' id='word_1_258' title='bbox 431 3412 581 3473; x_wconf 89' lang='lat' dir='ltr'><strong>accurate</strong></span> <span class='ocrx_word' id='word_1_259' title='bbox 603 3408 743 3497; x_wconf 90' lang='lat' dir='ltr'><strong>disputat</strong></span> <span class='ocrx_word' id='word_1_260' title='bbox 766 3407 799 3472; x_wconf 92' lang='lat' dir='ltr'><strong>in</strong></span> <span class='ocrx_word' id='word_1_261' title='bbox 822 3402 1023 3494; x_wconf 81' lang='lat' dir='ltr'><strong>praefatione</strong></span> <span class='ocrx_word' id='word_1_262' title='bbox 1042 3426 1075 3493; x_wconf 89' lang='lat' dir='ltr'><strong>p.</strong></span> <span class='ocrx_word' id='word_1_263' title='bbox 1089 3400 1211 3471; x_wconf 86' lang='lat' dir='ltr'>XXVI</span> <span class='ocrx_word' id='word_1_264' title='bbox 1224 3424 1294 3493; x_wconf 84' lang='lat' dir='ltr'><strong>sqq.</strong></span> <span class='ocrx_word' id='word_1_265' title='bbox 1313 3408 1347 3472; x_wconf 87' lang='lat' dir='ltr'><strong>et</strong></span> 
     </span>
     <span class='ocr_line' id='line_1_32' title="bbox 206 3504 1349 3599; baseline 0.003 -29"><span class='ocrx_word' id='word_1_266' title='bbox 206 3525 267 3591; x_wconf 92' lang='lat' dir='ltr'><strong>qua</strong></span> <span class='ocrx_word' id='word_1_267' title='bbox 281 3512 331 3573; x_wconf 89' lang='lat' dir='ltr'><strong>est</strong></span> <span class='ocrx_word' id='word_1_268' title='bbox 351 3509 550 3597; x_wconf 81' lang='lat' dir='ltr'><strong>ingenuitate</strong></span> <span class='ocrx_word' id='word_1_269' title='bbox 562 3511 631 3599; x_wconf 91' lang='lat' dir='ltr'><strong>ipse</strong></span> <span class='ocrx_word' id='word_1_270' title='bbox 645 3508 731 3576; x_wconf 91' lang='lat' dir='ltr'><strong>haud</strong></span> <span class='ocrx_word' id='word_1_271' title='bbox 745 3508 828 3576; x_wconf 90' lang='lat' dir='ltr'><strong>celat</strong></span> <span class='ocrx_word' id='word_1_272' title='bbox 840 3505 937 3573; x_wconf 90' lang='lat' dir='ltr'><strong>valde</strong></span> <span class='ocrx_word' id='word_1_273' title='bbox 950 3514 1079 3574; x_wconf 88' lang='lat' dir='ltr'><strong>tenuem</strong></span> <span class='ocrx_word' id='word_1_274' title='bbox 1092 3507 1151 3573; x_wconf 87' lang='lat' dir='ltr'><strong>sibi</strong></span> <span class='ocrx_word' id='word_1_275' title='bbox 1165 3504 1207 3571; x_wconf 91' lang='lat' dir='ltr'><strong>ad</strong></span> <span class='ocrx_word' id='word_1_276' title='bbox 1220 3526 1349 3574; x_wconf 93' lang='lat' dir='ltr'><strong>manum</strong></span> 
     </span>
     <span class='ocr_line' id='line_1_33' title="bbox 205 3604 1348 3701; baseline 0.005 -31"><span class='ocrx_word' id='word_1_277' title='bbox 205 3604 306 3673; x_wconf 82' lang='lat' dir='ltr'><strong>fuisse</strong></span> <span class='ocrx_word' id='word_1_278' title='bbox 332 3610 566 3699; x_wconf 81' lang='lat' dir='ltr'><strong>supellectilem</strong></span> <span class='ocrx_word' id='word_1_279' title='bbox 594 3612 636 3679; x_wconf 90' lang='lat' dir='ltr'><strong>ad</strong></span> <span class='ocrx_word' id='word_1_280' title='bbox 662 3611 846 3679; x_wconf 89' lang='lat' dir='ltr'><strong>Pausaniae</strong></span> <span class='ocrx_word' id='word_1_281' title='bbox 869 3615 1075 3699; x_wconf 81' lang='lat' dir='ltr'><strong>contextum,</strong></span> <span class='ocrx_word' id='word_1_282' title='bbox 1108 3628 1201 3699; x_wconf 92' lang='lat' dir='ltr'><strong>quem</strong></span> <span class='ocrx_word' id='word_1_283' title='bbox 1228 3606 1348 3701; x_wconf 82' lang='lat' dir='ltr'><strong>dicunt,</strong></span> 
     </span>
     <span class='ocr_line' id='line_1_34' title="bbox 205 3711 1349 3809; baseline -0.001 -26"><span class='ocrx_word' id='word_1_284' title='bbox 205 3711 441 3809; x_wconf 73' lang='lat' dir='ltr'><strong>corrigendum.</strong></span> <span class='ocrx_word' id='word_1_285' title='bbox 492 3712 657 3784; x_wconf 82' lang='lat' dir='ltr'><strong>Recenset</strong></span> <span class='ocrx_word' id='word_1_286' title='bbox 668 3717 777 3785; x_wconf 79' lang='lat' dir='ltr'><strong>varias</strong></span> <span class='ocrx_word' id='word_1_287' title='bbox 788 3713 944 3783; x_wconf 85' lang='lat' dir='ltr'><strong>lectiones</strong></span> <span class='ocrx_word' id='word_1_288' title='bbox 958 3712 1093 3779; x_wconf 85' lang='lat' dir='ltr'><strong>duorum</strong></span> <span class='ocrx_word' id='word_1_289' title='bbox 1106 3711 1249 3781; x_wconf 89' lang='lat' dir='ltr'><strong>codicum</strong></span> <span class='ocrx_word' id='word_1_290' title='bbox 1260 3712 1349 3781; x_wconf 84' lang='lat' dir='ltr'><strong>Viu-</strong></span> 
     </span>
    </p>
   </div>
   <div class='ocr_carea' id='block_1_4' title="bbox 209 3918 417 3935">
    <p class='ocr_par' dir='ltr' id='par_1_5' title="bbox 209 3918 417 3935">
     <span class='ocr_line' id='line_1_35' title="bbox 209 3918 417 3935; baseline 0.005 -5"><span class='ocrx_word' id='word_1_291' title='bbox 209 3918 417 3935; x_wconf 47' lang='grc' dir='ltr'><strong>Μ</strong></span> 
     </span>
    </p>
   </div>
   <div class='ocr_carea' id='block_1_5' title="bbox 205 4045 1351 4232">
    <p class='ocr_par' dir='ltr' id='par_1_6' title="bbox 205 4045 1351 4232">
     <span class='ocr_line' id='line_1_36' title="bbox 275 4045 1351 4128; baseline 0.006 -31"><span class='ocrx_word' id='word_1_292' title='bbox 275 4045 304 4111; x_wconf 82' lang='lat' dir='ltr'><strong>a)</strong></span> <span class='ocrx_word' id='word_1_293' title='bbox 321 4045 457 4128; x_wconf 69' lang='lat' dir='ltr'><strong>llxemplis</strong></span> <span class='ocrx_word' id='word_1_294' title='bbox 474 4066 491 4101; x_wconf 87' lang='lat' dir='ltr'><strong>a</strong></span> <span class='ocrx_word' id='word_1_295' title='bbox 507 4049 583 4104; x_wconf 78' lang='lat' dir='ltr'><strong>sieb.</strong></span> <span class='ocrx_word' id='word_1_296' title='bbox 603 4056 631 4103; x_wconf 86' lang='lat' dir='ltr'><strong>et</strong></span> <span class='ocrx_word' id='word_1_297' title='bbox 647 4049 724 4102; x_wconf 78' lang='lat' dir='ltr'><strong>ctav.</strong></span> <span class='ocrx_word' id='word_1_298' title='bbox 742 4046 855 4118; x_wconf 82' lang='lat' dir='ltr'><strong>prolatis</strong></span> <span class='ocrx_word' id='word_1_299' title='bbox 872 4048 939 4100; x_wconf 89' lang='lat' dir='ltr'><strong>adde</strong></span> <span class='ocrx_word' id='word_1_300' title='bbox 957 4047 1000 4115; x_wconf 87' lang='lat' dir='ltr'><strong>X,</strong></span> <span class='ocrx_word' id='word_1_301' title='bbox 1017 4049 1067 4117; x_wconf 74' lang='lat'><strong>20,</strong></span> <span class='ocrx_word' id='word_1_302' title='bbox 1084 4049 1112 4101; x_wconf 88' lang='grc'><strong>9.</strong></span> <span class='ocrx_word' id='word_1_303' title='bbox 1130 4048 1177 4100; x_wconf 88' lang='lat' dir='ltr'><strong>ubi</strong></span> <span class='ocrx_word' id='word_1_304' title='bbox 1192 4046 1288 4101; x_wconf 80' lang='lat' dir='ltr'><strong>vitium</strong></span> <span class='ocrx_word' id='word_1_305' title='bbox 1303 4057 1351 4117; x_wconf 81' lang='lat' dir='ltr'><strong>ty-</strong></span> 
     </span>
     <span class='ocr_line' id='line_1_37' title="bbox 205 4110 1347 4232; baseline 0.004 -68"><span class='ocrx_word' id='word_1_306' title='bbox 205 4110 309 4232; x_wconf 51' lang='lat' dir='ltr'><strong>pothet.</strong></span> <span class='ocrx_word' id='word_1_307' title='bbox 326 4132 355 4166; x_wconf 88' lang='lat' dir='ltr'><strong>m</strong></span> <span class='ocrx_word' id='word_1_308' title='bbox 373 4118 416 4169; x_wconf 88' lang='lat' dir='ltr'><strong>ed.</strong></span> <span class='ocrx_word' id='word_1_309' title='bbox 434 4116 522 4172; x_wconf 78' lang='lat' dir='ltr'><strong>lluhn.</strong></span> <span class='ocrx_word' id='word_1_310' title='bbox 543 4115 579 4172; x_wconf 81' lang='grc' dir='ltr'><strong>τὰ</strong></span> <span class='ocrx_word' id='word_1_311' title='bbox 596 4116 625 4180; x_wconf 76' lang='grc' dir='ltr'><strong>ἐς</strong></span> <span class='ocrx_word' id='word_1_312' title='bbox 641 4122 706 4187; x_wconf 78' lang='grc' dir='ltr'><strong>τῆς,</strong></span> <span class='ocrx_word' id='word_1_313' title='bbox 725 4135 815 4186; x_wconf 86' lang='lat' dir='ltr'><strong>parum</strong></span> <span class='ocrx_word' id='word_1_314' title='bbox 833 4119 926 4170; x_wconf 85' lang='lat' dir='ltr'><strong>dextre</strong></span> <span class='ocrx_word' id='word_1_315' title='bbox 942 4116 1041 4169; x_wconf 75' lang='lat' dir='ltr'><strong>Pacius</strong></span> <span class='ocrx_word' id='word_1_316' title='bbox 1058 4117 1169 4170; x_wconf 83' lang='lat' dir='ltr'><strong>mutavit</strong></span> <span class='ocrx_word' id='word_1_317' title='bbox 1184 4115 1213 4168; x_wconf 91' lang='lat' dir='ltr'><strong>in</strong></span> <span class='ocrx_word' id='word_1_318' title='bbox 1234 4112 1271 4167; x_wconf 74' lang='lat' dir='ltr'><strong>vol</strong></span> <span class='ocrx_word' id='word_1_319' title='bbox 1287 4120 1347 4183; x_wconf 73' lang='grc' dir='ltr'><strong>τῆς.</strong></span> 
     </span>
    </p>
   </div>
   <div class='ocr_carea' id='block_1_6' title="bbox 208 4182 1351 4321">
    <p class='ocr_par' dir='ltr' id='par_1_7' title="bbox 208 4182 1351 4321">
     <span class='ocr_line' id='line_1_38' title="bbox 232 4182 1351 4267; baseline 0.007 -34"><span class='ocrx_word' id='word_1_320' title='bbox 232 4182 252 4233; x_wconf 88' lang='lat' dir='ltr'><strong>l&#39;.</strong></span> <span class='ocrx_word' id='word_1_321' title='bbox 272 4182 351 4267; x_wconf 75' lang='lat' dir='ltr'><strong>etiam</strong></span> <span class='ocrx_word' id='word_1_322' title='bbox 368 4184 470 4239; x_wconf 81' lang='lat' dir='ltr'><strong>Siebel.</strong></span> <span class='ocrx_word' id='word_1_323' title='bbox 489 4190 523 4241; x_wconf 86' lang='lat' dir='ltr'><strong>ad</strong></span> <span class='ocrx_word' id='word_1_324' title='bbox 540 4190 581 4259; x_wconf 83' lang='lat' dir='ltr'><strong>X,</strong></span> <span class='ocrx_word' id='word_1_325' title='bbox 598 4191 648 4259; x_wconf 81' lang='lat'><strong>37,</strong></span> <span class='ocrx_word' id='word_1_326' title='bbox 666 4188 693 4244; x_wconf 78' lang='lat'><strong>4.</strong></span> <span class='ocrx_word' id='word_1_327' title='bbox 711 4206 738 4259; x_wconf 82' lang='lat' dir='ltr'><strong>p.</strong></span> <span class='ocrx_word' id='word_1_328' title='bbox 756 4188 822 4255; x_wconf 74' lang='lat'>320,</span> <span class='ocrx_word' id='word_1_329' title='bbox 840 4186 886 4238; x_wconf 90' lang='lat' dir='ltr'><strong>ubi</strong></span> <span class='ocrx_word' id='word_1_330' title='bbox 901 4194 988 4240; x_wconf 81' lang='lat' dir='ltr'><strong>tamen</strong></span> <span class='ocrx_word' id='word_1_331' title='bbox 1004 4186 1189 4257; x_wconf 81' lang='lat' dir='ltr'><strong>corrigendum</strong></span> <span class='ocrx_word' id='word_1_332' title='bbox 1206 4203 1275 4259; x_wconf 88' lang='lat' dir='ltr'><strong>„pro</strong></span> <span class='ocrx_word' id='word_1_333' title='bbox 1292 4184 1351 4241; x_wconf 82' lang='lat' dir='ltr'><strong>vul·</strong></span> 
     </span>
     <span class='ocr_line' id='line_1_39' title="bbox 208 4256 459 4321; baseline 0.028 -20"><span class='ocrx_word' id='word_1_334' title='bbox 208 4260 270 4321; x_wconf 80' lang='lat' dir='ltr'><strong>gato</strong></span> <span class='ocrx_word' id='word_1_335' title='bbox 288 4256 459 4321; x_wconf 76' lang='lat' dir='ltr'><strong>ccecapov.“</strong></span> 
     </span>
    </p>
   </div>
   <div class='ocr_carea' id='block_1_7' title="bbox 0 0 1481 4846">
    <p class='ocr_par' dir='ltr' id='par_1_8' title="bbox 0 0 1481 4846">
     <span class='ocr_line' id='line_1_40' title="bbox 0 0 1481 4846; baseline 0 0"><span class='ocrx_word' id='word_1_336' title='bbox 0 0 1481 4846; x_wconf 95' lang='lat' dir='ltr'><strong> </strong></span> 
     </span>
    </p>
   </div>
  </div>
 </body>
</html>
