2872 4846
1154 214 1210 245 -ilt

373 275 465 335 sau
486 226 638 361 silan.
670 273 770 357 can.
790 277 899 336 xxiv.
920 277 1014 365 xxv.
1053 281 1056 286 ·
1176 271 1242 361 sot

139 447 231 516 ἐστιν
266 436 418 538 Ἀργείοιν
457 437 669 536 νικησάντων
707 436 798 537 μάχῃ
830 445 1129 537 Λακεδαιμονίους
1163 445 1242 539 περὶ

131 541 265 633 Ὑσιάς.
308 538 371 617 τδν
397 545 435 616 δὲ
462 539 577 639 άγῶνα
602 551 732 618 τοῦτον
758 541 937 638 συμβάντα
962 541 1126 641 εὕρισκον
1146 540 1241 643 Ἀδρ-

137 654 251 737 ναίοις
278 644 449 743 άρχοντος
476 644 757 742 Πεισιστράτου,
795 642 942 746 τετάρτῳ
974 652 1011 722 δὲ
1038 653 1102 722 ἔτει
1134 648 1242 744 τῆς84

133 746 372 842 Ὀλυμπιάδος
411 745 456 846 ἣν
488 745 703 844 Εὐρύβοτος
734 744 914 845 Ἀθηναῖος
954 755 1048 826 ἐνίκα
1088 747 1242 825 asotos.

138 859 195 948 (9)
223 849 449 946 Καταβάντος
471 855 508 924 δὲ
535 856 570 940 ἐς
594 846 635 925 τδ
661 847 930 949 χθαμαλώτερον
956 852 1129 949 ἒρείιιια85
1148 848 1243 927 ‘Yoc-
1279 917 1281 922 ,
1394 843 1430 939 ,’

137 963 188 1029 ὢν
210 959 281 1029 ἐστὶ
303 952 439 1042 πόλεώς
464 980 547 1028 ποτε
573 960 609 1029 ἐν
634 954 677 1050 ’τῇ
699 951 877 1050 Ἀργολίδι,
902 961 959 1028 καὶ
984 953 1071 1030 τδ36
1092 971 1244 1050 πταῖσμα

137 1064 426 1152 Λακεδαιμονίοις
452 1061 607 1132 ἐνταῦθα
630 1061 791 1154 γενέσθαι
812 1061 983 1154 λέγουσιν.
1262 1082 1265 1093 ·

405 1329 731 1423 ,carun
782 1329 898 1398 xxv.

137 1493 179 1546 De
190 1491 287 1562 templo
303 1509 361 1545 cum
376 1495 475 1564 duplici
488 1495 561 1548 aditu
576 1494 605 1546 in
618 1494 679 1559 via,
701 1508 770 1561 quae
782 1491 861 1559 Argis
874 1491 1035 1546 Mantineam
1050 1492 1169 1547 ducit-
1185 1495 1245 1553 rico

224 1579 317 1632 Oenoii
330 1581 363 1632 ab
383 1580 475 1632 Oeneo
492 1580 672 1632 nominato-
684 1588 772 1630 monte
786 1577 928 1630 Artemisio
945 1588 973 1631 et
985 1578 1102 1632 fontibus
1116 1579 1246 1632 Inachi—

225 1666 285 1717 vico
305 1665 411 1731 Lyrcea
426 1676 452 1719 et
472 1666 568 1718 facium
588 1667 657 1716 festo
669 1693 704 1702 —
725 1664 785 1717 vico
800 1663 908 1715 Orneus
926 1663 996 1715 dicto
1022 1663 1133 1733 eiusque
1148 1683 1247 1721 memo·

225 1749 315 1802 randis
325 1779 357 1789 —
368 1752 540 1803 memorandis
559 1752 586 1802 in
598 1749 644 1804 via
651 1749 815 1819 Epidaurum
827 1765 921 1802 versus
933 1756 960 1801 et
972 1748 1065 1802 Proeti
1078 1767 1133 1802 cum
1141 1750 1246 1805 Acrisio

225 1852 315 1905 pugna
327 1869 362 1877 -
374 1836 515 1903 Tirynthia
528 1835 665 1905 reliquiis,
685 1835 765 1888 muris
780 1854 796 1889 a
810 1835 974 1906 Cyclopibus
986 1836 1127 1890 exstructis
1138 1865 1173 1876 ·—
1185 1836 1246 1892 vico

227 1919 366 1974 Midea-
381 1921 441 1975 vico
458 1923 544 1976 Lessa
556 1932 584 1976 et
594 1929 683 1975 monte
695 1921 861 1975 Arachnaeo.
1173 1928 1181 1939 “

217 2070 265 2146 Ἡ
291 2070 327 2147 δ’
355 2079 390 2164 ἐς
414 2076 647 2151 Μαντίνειαν1
675 2075 812 2173 άγοοσα
836 2075 871 2164 ἐξ
889 2072 1035 2171 ’Ἄργους
1057 2079 1149 2150 ἐστὶν
1180 2071 1249 2179 οὐχ

140 2172 229 2273 ἥπερ
252 2181 310 2250 καὶ
328 2180 384 2250 ἐπὶ
402 2184 545 2276 Τεγέαν,
572 2175 655 2253 ἀλλὰ
676 2176 744 2253 siud
767 2187 837 2252 reio
857 2185 984 2253 πυλῶν·
1000 2182 1070 2251 τῶν
1090 2175 1181 2275 πρδς
1203 2187 1247 2277 τῇ

141 2275 297 2376 Δειράδι.
325 2284 379 2353 ἐπὶ
396 2285 433 2354 δὲ
445 2290 509 2379 τῆς
523 2281 615 2355 ὁδοῦ
631 2279 762 2378 ταύτης
778 2275 872 2377 ἱερὸν
887 2287 1038 2354 διπλοῦν
1055 2288 1249 2378 πεποίηται,

141 2387 199 2455 οιαὶ
213 2378 305 2478 πρὸς
333 2380 438 2479 ἡλίου
455 2382 628 2473 δύνοντος
642 2389 767 2458 ἔσοδον
778 2387 835 2456 καὶ
847 2380 934 2457 κατὰ
945 2379 1116 2474 ἀνατολάς
1130 2390 1248 2483 ἑτέραν

110 2596 115 2603 ·
142 2575 210 2632 loco
224 2583 294 2630 sunt
316 2570 407 2651 (quae
422 2573 611 2649 Polyandria
629 2572 799 2650 appellant)
814 2571 1009 2650 Argivorum,
1026 2574 1079 2651 qui
1091 2570 1264 2631 Lacedaea‘

142 2661 259 2716 mouios
282 2656 321 2715 ad
336 2659 444 2735 Hysias
464 2660 616 2716 vicerunt:
652 2657 734 2737 quod
756 2658 906 2736 proelimn
927 2659 1008 2714 inter
1025 2659 1106 2736 ipsos
1131 2659 1247 2716 factum

143 2745 279 2816 invenio,
302 2745 457 2801 Pisistrato
473 2742 554 2822 apud
569 2740 769 2801 Athenienses
784 2762 938 2801 summum
955 2745 1166 2819 magistratum
1190 2763 1246 2822 ge-

144 2839 245 2903 rente,
270 2848 348 2886 anno
365 2840 470 2907 quarto
486 2831 550 2886 eius
566 2827 770 2907 Olympiadis,
790 2846 851 2907 qua
862 2828 1033 2905 Eurybotus
1052 2826 1247 2907 Atheniensis

144 2916 240 2971 victor
262 2912 300 2971 de
324 2916 471 2972 curriculo
495 2916 686 2972 renunciatus
711 2924 766 2972 est.
831 2912 879 2993 (9)
906 2915 971 2984 Qua
992 2923 1072 2971 certe
1099 2925 1183 2993 parta
1206 2912 1247 2975 ad

144 3001 280 3078 planiora
300 2998 506 3073 descenditur,
538 3001 642 3058 nuiuae
660 3020 693 3057 se
715 2997 877 3058 ostendunt
890 2988 1068 3076 Hy'siarum,
1090 2999 1195 3079 oppidi
1212 3002 1248 3057 in

145 3083 289 3163 Argolide
307 3084 459 3164 quondam
477 3087 544 3144 siti:
574 3086 681 3163 quoin
699 3085 766 3143 loco
790 3080 907 3141 cladem
919 3083 1174 3144 Lacedaemonios
1195 3104 1246 3142 ac-

147 3171 262 3245 cepisse
278 3169 411 3226 tradunt.

211 3295 283 3351 (lar.
312 3297 406 3353 XXV.
456 3295 538 3364 Quae
553 3312 623 3350 vero
636 3293 725 3370 Argis
738 3293 924 3348 Mantineam
939 3291 1021 3355 ducit
1041 3296 1107 3368 via,
1125 3315 1217 3354 none
1234 3307 1248 3354 t

148 3372 271 3437 omnino
291 3378 412 3453 eadem,
436 3398 496 3458 qua
517 3379 643 3455 Tegean
658 3380 714 3435 iter
737 3388 799 3436 est:
822 3396 929 3435 verum
945 3375 1022 3434 haec
1048 3392 1166 3458 aposta
1186 3382 1248 3437 im-

147 3468 225 3523 tium
239 3463 347 3539 habet,
370 3468 437 3523 loco
458 3466 501 3539 ei,
525 3483 616 3542 quam
627 3462 740 3521 Dirada
763 3462 896 3520 diximus
915 3464 1078 3542 appellari,
1099 3467 1249 3544 proxima.

147 3553 182 3609 ln
197 3549 254 3606 hac
268 3552 318 3607 via
332 3552 482 3629 templum
502 3559 636 3608 erectum
650 3559 695 3608 est
706 3547 792 3639 aditu
809 3548 940 3628 duplici,
967 3544 1096 3630 quorum
1116 3551 1193 3608 alter
1209 3548 1249 3608 ad

286 3652 297 3685 δ’

172 3730 229 3805 34.
247 3730 412 3802 Olympiadis
424 3746 545 3785 numerus
556 3731 684 3786 excidisse
718 3726 815 3784 ταῦθα
826 3726 881 3800 atu.
893 3727 1042 3800 γενέσθαις
1059 3738 1087 3787 at
1097 3732 1182 3788 litoris
1201 3694 1249 3807 ud

150 3801 265 3855 videtur.
286 3818 345 3854 mox
356 3794 495 3870 ἡράβοτος
505 3804 555 3869 Ag.
717 3801 811 3869 γοιδο
823 3802 896 3870 vulg.
909 3803 1067 3855 restituitur.
1166 3834 1169 3839 ,
1198 3812 1246 3855 -flr

75 3902 92 3930 ⁹
184 3938 228 3994 35.
246 3932 356 4009 ἕράτιια,
375 3955 400 3991 ει
410 3955 490 4008 super
501 3955 529 4007 ν,
541 3937 595 3993 Vb.
613 3932 685 3992 δσει-
716 3854 1253 4133 μοῗτάνῖαϊάῗδάεαάοδιῖῑᾝνγίῗῇ
1357 3915 1360 3921 ¹

152 4007 256 4062 oiva.
718 4024 755 4060 αν
767 4009 944 4092 (snexpunct.)
960 4011 1021 4074 vu;
1039 4000 1111 4077 ορδερ
1126 4009 1177 4062 Li).
1202 4072 1205 4077 ¹
1238 4006 1251 4063 l

185 4145 230 4198 36.
246 4142 295 4199 aul
305 4140 338 4199 τὸ
349 4176 383 4186 -
395 4141 520 4213 λέγουσιν
519 4185 532 4230 ,
545 4153 573 4199 et
583 4145 686 4200 initium
718 4085 780 4199 lidii
792 4078 1249 4223 lile§Diiddiiill'udludgiddvlmox

154 4213 234 4271 aas.
254 4208 273 4281 ἡ
296 4209 322 4266 δ’
339 4208 368 4277 ἐς
386 4244 422 4253 -
438 4215 556 4297 Δειράδι
574 4233 626 4268 οιιι.
643 4215 683 4269 Μ.
715 4216 830 4270 εἴσοδον
839 4217 911 4271 Edd·
925 4206 1201 4289 mundanalium.
1220 4217 1250 4270 M

152 4270 382 4351 suessanorum
393 4284 435 4339 Va
443 4283 568 4367 pdemde·
579 4277 682 4409 Wu-
717 4285 769 4340 lab.
779 4296 812 4371 ιμ’,
879 4338 881 4343 ,
947 4322 1002 4395 ss!
1035 4304 1052 4363 ρ,
1160 4340 1175 4365 ,

190 4384 262 4438 Τοοι.
282 4384 305 4436 1.
796 4366 801 4373 ’
1019 4379 1044 4434 Ζ
