2872 4846
232 266 298 335 m
691 265 883 326 ATTIKA

233 460 302 525 μον
325 459 360 504 τε
382 425 603 527 ὑποσχέσθαι
620 426 802 525 θνγατρδς
820 433 879 503 καὶ
903 426 951 518 ὡς
967 427 1133 526 διάδοχον
1148 430 1257 521 ἕξει15
1276 439 1341 531 τῆς

234 532 358 631 ἀρχῆς,
385 530 483 620 ὅστις
515 528 578 606 adv
601 530 840 628 Κιθαιρώνιον
868 538 991 606 λέοντα
1027 529 1238 608 ἀποκτείναι·
1280 532 1340 611 διὰ

233 645 344 710 ταῦτα
359 631 550 709 Ἀλκάθοον
568 631 630 708 τὸν
646 640 810 724 Πέλοπος
827 632 1085 732 ἐπιχειρήσαντα
1107 643 1156 732 τῷ
1179 637 1340 735 θηρίῳ16

232 743 401 835 κρατῆσαί
414 766 466 827 τε,
486 743 543 811 καὶ
561 735 610 826 ὡς
630 742 845 832 ἐβασίλευσε,
872 734 912 811 ad
935 734 1028 833 ἱερὸν
1048 747 1191 834 ποιῆσαι
1216 748 1340 835 τοῦτο,

180 838 427 936 θθἌγροτέραν
441 838 591 934 ’Ἄρτεμιν
610 845 668 913 καὶ
684 838 879 914 Ἀπόλλωνα
895 836 1046 935 Ἀγραῖον
1068 839 1339 933 ἐπονομάσαντα

198 944 291 1039 4(5)
324 950 444 1017 Ταῦτα
470 947 532 1036 μὲν
561 931 672 1017 οὖν17
697 940 792 1017 οὕτω
816 946 976 1039 γενέσθαι
998 948 1169 1038 λέγουσιν.
1210 942 1275 1040 ἐγολ
1300 949 1340 1019 δὲ
1406 1018 1411 1028 ,

231 1044 379 1144 γράφειν
395 1048 456 1138 μὲν
477 1051 585 1119 ἐθέλω
604 1053 823 1142 Μεγαρεῦσιν
839 1044 1099 1142 ὁμολογοῦντα,
1126 1042 1194 1119 οὐκ
1213 1053 1277 1143 ἐγω
1300 1050 1340 1123 δέ
1419 1054 1423 1061 ’

212 1188 214 1193 ’
233 1147 333 1238 duale
347 1144 502 1244 εὕρωμαι
511 1148 545 1197 ¹⁸
562 1145 672 1233 πάντα
687 1156 825 1244 σφίσιν,
851 1144 936 1222 ἀλλά
945 1149 977 1195 ¹9
994 1145 1184 1222 ἀποθανεῖν
1207 1153 1268 1242 μὲν
1286 1154 1340 1225 λέν

233 1280 318 1326 οντα
333 1255 369 1324 ἐν
390 1259 439 1348 τῷ
456 1258 652 1343 Κιθαιρῶνι
667 1249 740 1325 ὑπὸ
754 1248 923 1325 Ἀλκάθου
942 1257 1127 1343 πείθομαι,
1153 1257 1341 1348 Μεγαρέως
1400 1332 1404 1339 ,

149 1368 153 1373 “
233 1357 272 1427 δὲ
290 1359 462 1445 Τίμαλκον
470 1354 508 1400 2⁰
524 1361 631 1426 παῖδα
652 1360 705 1442 τίς
719 1358 781 1446 μὲν
798 1359 833 1442 ἐς
846 1351 1011 1449 ’Ἄφιδναν
1032 1359 1146 1427 ἐλθεῖν
1157 1351 1246 1446 ’μετὰ
1268 1362 1340 1431 τῶν

233 1452 466 1551 Διοσκούρων
488 1461 629 1551 ἐγραψες
656 1465 733 1544 πῶς
758 1453 792 1529 δ’
810 1452 853 1530 ἀν
876 1452 1089 1550 ἀφικόμενος
1113 1453 1340 1560 ἀναιρεθῆναι

231 1565 405 1651 νομίζοιτο
422 1554 496 1630 ὑπὸ
517 1563 677 1654 Θησέως;
700 1555 797 1632 ὅπου
809 1554 1017 1651 καλἈλκμάν
1035 1554 1186 1654 ποιήσας
1203 1559 1339 1655 pienum

231 1666 267 1749 ἐς
283 1656 371 1748 τούς
386 1658 654 1756 Διοσκούρους,
682 1658 928 1758 ὡς’Λθήνας22
952 1665 1059 1733 ἕλοιεν
1076 1666 1133 1733 καὶ
1149 1657 1211 1757 τὴν
1230 1666 1339 1759 hipol-

231 1793 281 1852 ως
294 1759 450 1860 ἀγάγοιεν
464 1769 592 1862 μητέρα
607 1761 838 1861 αἰχμάλωτον,
856 1760 953 1857 ὅμως
971 1767 1088 1860 Θησέα
1102 1768 1211 1861 φησιν
1218 1764 1256 1813 ²³
1273 1760 1339 1839 αὖ·

229 1988 343 2062 fectus,
365 1990 543 2066 Megaremn
560 1990 643 2047 aiunt
661 1989 799 2047 orbatum
826 1988 914 2062 filiis,
938 1999 967 2047 et
989 1989 1069 2046 filiae
1094 1990 1216 2068 nuptias
1237 1998 1267 2047 et
1287 2010 1338 2049 re-

230 2093 327 2153 gnum
354 2076 382 2130 ei
409 2074 635 2152 spopondisse,
667 2077 719 2153 qui
743 2071 969 2130 Cithaeronium
997 2076 1119 2131 leonem
1148 2076 1339 2133 confecisset.

158 2153 161 2159 ¹
230 2156 415 2217 Alcathoum
433 2162 526 2237 igitur
549 2160 669 2237 Pelopis
690 2159 805 2233 filium,
830 2179 938 2217 ausum
960 2179 1030 2215 curn
1057 2159 1161 2215 bellua
1184 2158 1338 2237 congredi,

231 2264 326 2301 exeo
354 2247 517 2305 certamine
542 2246 687 2303 victorem
710 2243 893 2301 discessisse.
943 2246 1048 2321 Regno
1070 2246 1173 2323 itaque
1197 2247 1337 2323 potitum,

230 2330 394 2406 Agroterae
411 2330 525 2389 Dianae
547 2340 577 2387 et
593 2331 705 2407 Agraei
715 2331 866 2408 Apollinis
886 2329 1037 2406 templinn
1062 2326 1227 2386 dedicasse.
1289 2326 1338 2409 (5)

229 2415 271 2471 Et
282 2411 358 2471 haec
378 2413 502 2495 quidem
518 2414 557 2473 ad
570 2412 651 2485 hunc
662 2413 790 2472 modum
802 2434 822 2470 α
835 2412 939 2470 multis
953 2425 1237 2471 commemorantur.
1270 2416 1338 2493 Ego

229 2517 301 2557 vero
314 2501 370 2557 etsi
385 2498 509 2557 hercule
523 2502 620 2558 nolim
632 2519 667 2556 ea
680 2500 827 2573 scribere,
847 2518 924 2578 quae
942 2517 959 2554 a
977 2500 1201 2575 Megarensium
1221 2518 1339 2557 sermo-

229 2584 319 2643 nibus
336 2582 514 2664 discrepent,
534 2585 567 2643 id
578 2596 681 2642 tamen
700 2587 753 2663 qui
768 2584 833 2643 fieri
852 2585 992 2662 potuerit,
1011 2603 1074 2640 non
1090 2586 1216 2662 reperio.
1257 2587 1338 2642 Nam

228 2670 350 2728 leonem
367 2669 593 2728 Cithaeronium
612 2671 648 2726 ab
664 2667 811 2727 Alcathoo
837 2669 1007 2726 confectum
1031 2678 1065 2724 ut
1085 2667 1222 2742 credam,
1244 2669 1337 2726 facile

230 2752 379 2811 adducor:
411 2757 588 2811 Timolaum
614 2774 686 2811 vero
710 2755 844 2831 Megarei
874 2752 972 2809 filium
993 2755 1061 2831 quis
1077 2772 1214 2833 unquam
1237 2753 1336 2813 literis

228 2836 361 2917 prodidit
380 2858 450 2895 cum
475 2839 596 2903 Castore
619 2848 649 2895 et
669 2840 793 2895 Polluce
815 2835 992 2915 Aphidnam
1011 2835 1157 2897 venissel
1216 2836 1280 2895 Sed
1301 2848 1340 2896 ut
1407 2830 1411 2837 ⁶

130 2946 133 2953 ·
228 2924 364 2979 maxime
380 2925 513 2995 venerit,
538 2925 591 3002 qui
615 2924 714 3001 potuit
739 2942 757 2979 a
771 2920 893 2980 Theseo
915 2923 1059 2997 interfici,
1090 2943 1186 3002 quum
1204 2924 1337 2981 Alcman

229 3009 380 3080 carmine,
403 3006 485 3085 quod
506 3010 539 3064 in
567 3009 704 3065 Castores
727 3008 813 3080 fecit,
836 3010 981 3085 scriptum
1003 3010 1173 3087 reliquerit,
1196 3027 1232 3066 eo
1253 3019 1337 3067 tem·
1395 3002 1401 3017 '

115 3102 118 3109 '
226 3110 318 3170 pore,
341 3110 401 3170 quo
422 3093 469 3148 illi
483 3093 662 3169 expugnatis
679 3090 807 3151 Athenis
825 3090 941 3149 Thesei
958 3102 1088 3149 matrem
1105 3093 1257 3170 captivam
1279 3093 1336 3149 ab·

227 3176 396 3250 duxerunt,
430 3174 587 3235 Theseum
610 3178 712 3255 ipsum
743 3175 825 3234 domi
846 3197 907 3234 non
936 3177 1029 3234 fuisse
1043 3175 1059 3235 'l
1117 3180 1222 3255 Neque
1250 3196 1333 3253 vero,

185 3348 194 3355 Ἰ
226 3368 266 3445 R,
281 3376 328 3430 sed
343 3376 372 3430 in
386 3374 412 3430 R
425 3382 656 3447 crespuuctumet
674 3395 696 3430 α
715 3394 761 3430 su·
796 3376 913 3442 operta?
946 3372 1135 3446 εὖαρεοτῶμαι
1148 3353 1245 3432 πάντα
1257 3376 1334 3435 (λθ.
1415 3414 1418 3421 -

242 3465 274 3500 ra
289 3447 335 3498 tin.
370 3443 572 3513 στρατεύοντος
584 3447 635 3499 Vb.
654 3454 709 3499 tum
723 3442 763 3506 εἰς
795 3444 972 3498 Hermannus.
1007 3442 1125 3514 εὔρομαι
1144 3448 1217 3500 VaM
1237 3448 1286 3513 (iu
1304 3447 1335 3501 M

223 3466 294 3569 hdo.
311 3516 396 3569 codd.
437 3511 564 3583 άφίδναν
584 3516 623 3568 Μ.
647 3515 675 3568 h.
689 3515 707 3566 l.
735 3522 762 3566 et
797 3531 912 3585 osuper
925 3516 966 3582 ο).
1003 3516 1125 3569 offendit
1138 3516 1264 3570 Medium.
1389 3520 1395 3535 ⁸

116 3664 121 3673 ¹
197 3660 202 3666 ,
222 3585 393 3656 imam·
831 3601 874 3654 19.
892 3595 948 3652 ἀλλ’
968 3595 1060 3655 ἀποθ.
1076 3602 1128 3654 Va.

258 3656 301 3707 15.
325 3651 398 3718 ἐξειν
421 3653 473 3707 Va.
516 3669 577 3705 mox
595 3646 761 3705 ἀποκτεῖναι
830 3688 872 3741 20.
910 3685 1033 3755 Τίμαιον
1054 3688 1137 3743 va·
1168 3703 1229 3741 mox
1250 3678 1336 3755 ἄφα-

221 3723 302 3845 liele.
326 3783 378 3842 τὸν
399 3787 507 3855 θηρίον
530 3788 601 3853 Va.;
628 3806 656 3858 p,
689 3804 758 3840 com
794 3752 849 3807 δαν
862 3754 932 3807 Lab.

224 3859 297 3928 vulg.
333 3858 398 3910 Mox
416 3850 593 3928 ἐβασίλευσεν
613 3858 665 3925 Ag.
692 3849 759 3977 ipp-
828 3861 872 3915 21.
898 3854 948 3911 καλ
970 3876 1021 3911 om.
1034 3858 1072 3911 N.
1093 3875 1154 3911 mox
1171 3845 1264 3928 ἆςσμα
1279 3858 1333 3913 Vb.

137 4058 142 4069 .
222 3920 683 4063 mgzdxhatlhnffiffigm
730 3926 759 3977 δ’
791 3954 1069 4083 νέἒέοἴμιδνανθ,
1085 3961 1238 4017 volentibus
1252 3960 1290 4015 K.
1304 3968 1335 4019 et

261 4066 304 4119 ιτ.
329 4051 381 4115 οὖν
400 4081 452 4116 an.
477 4062 761 4132 erogavimus

224 4131 332 4187 ἰιιΕδᾱ.
345 4130 607 4201 reuvvarrmc)
626 4124 758 4193 οὕτωςΝ.
825 4125 871 4185 23.
896 4128 984 4199 φασὶν
1007 4133 1044 4187 Ν.
1077 4124 1224 4187 rnoxrtcad
1242 4132 1334 4187 ταῦτα

260 4202 303 4255 18.
321 4194 503 4269 συμφέρομαι
515 4200 585 4255 coni.
601 4200 634 4253 G.
653 4194 760 4269 ἐφομνιι
784 4198 842 4269 Jn.
869 4192 1001 4271 ἐποίησαν
1016 4202 1070 4269 Ag.
1091 4203 1187 4259 omisso
1203 4218 1246 4273 tq·
1271 4200 1331 4257 eat.

221 4268 386 4364 Ροιιοιιιιργ
408 4286 496 4323 acuns
524 4262 649 4339 εὕρωμαι
668 4260 759 4359 Ιπιστοὶ
787 4264 986 4341 memoratu
999 4270 1088 4340 Ath.
