2872 4846
373 307 972 370 συνεισιοιυιυαι,
1127 312 1191 374 ιιι
1302 346 1312 356 ,

87 476 204 564 ἱερέων
225 470 413 569 βουφόνον
436 479 492 547 καλ
514 471 624 573 ταῦτρ
644 471 707 549 τόν
727 479 873 549 πέλεκυν
889 474 927 524 22
953 477 1059 571 ρλῦας
1080 472 1191 564 (οὕτω

86 572 152 670 γάρ
173 580 263 648 ἐστίν
284 583 321 649 oi
337 575 463 673 νόμος)
484 585 611 674 οἴχεται
634 575 792 675 φεύγων·
827 585 865 652 οἱ
878 580 915 650 δὲ
931 574 988 651 cira
1003 572 1068 652 τόν
1081 575 1193 677 ἄνδρα

88 673 131 765 ῦς
145 678 188 728 24
210 683 333 774 έιλρασε
347 678 389 754 τό
406 687 505 777 ἔργον
522 676 590 754 οῦκ
614 678 759 770 εἰδότες,
787 685 823 770 ές
842 686 942 778 δίκην
957 677 1138 777 ῦπάγουσι
1153 683 1192 732 22

88 777 150 854 τόν
163 785 319 855 πέλεκυν.
372 792 483 857 ταῦτα
497 787 558 878 μέν
572 780 705 878 τρόπον
724 779 788 858 τόν
804 788 984 879 εἰρημένον
1000 790 1141 880 δρῶσιν.

162 889 219 978 (5)
243 882 303 972 Ἐς
322 890 360 959 δὲ
373 972 377 978 ¹
389 884 452 961 τόν
473 883 628 968 ναόνόν
646 893 866 983 Παρθενῶνα
888 882 1132 981 ὀνομάζουσιν,
1158 893 1195 977 ἐς
1211 916 1228 966 5

89 994 220 1059 τοῦτον
248 993 405 1063 ἐσιοῦσιν
422 990 459 1038 26
500 987 616 1064 ὁπόσα
651 995 687 1064 έν
717 1005 793 1078 τοῖς
820 993 1051 1081 καλουμένοις
1083 987 1197 1078 ἀετοῖς

90 1106 215 1180 νεῖται,
246 1088 356 1164 πάντα
375 1097 411 1181 ές
433 1089 496 1189 τὴν
506 1089 652 1190 Ἀθηνᾶς
673 1097 740 1188 ἔχει
756 1097 901 1188 γένεσιν·
939 1087 980 1166 τά
994 1095 1032 1165 δέ
1048 1089 1197 1168 ὄπισθεν

89 1190 112 1288 ι)
125 1199 350 1283 Ποσειδῶνος
367 1191 459 1291 πρός
472 1191 619 1292 Ἀθνγνῦν
633 1200 725 1268 έστιν
740 1201 812 1290 έρις
823 1193 913 1291 ὑπὲρ
930 1202 994 1292 τῆς
1009 1203 1082 1292 γῆς.
1108 1192 1197 1270 αῦτό

92 1298 130 1368 (λέ
157 1301 194 1367 έιι
214 1325 248 1370 τε
273 1302 461 1393 ἐλέφαντος
481 1294 521 1370 τό
536 1299 575 1346 27
597 1287 740 1394 άγαλμα
753 1302 811 1371 καὶ
833 1304 973 1394 χρυσοῦ
998 1303 1198 1397 πεποίηται·

90 1402 184 1496 μέσῳ
201 1401 263 1491 μέν
275 1388 343 1474 οῦν
360 1405 521 1474 ἐπίκειταί
537 1407 574 1475 oi
588 1408 637 1498 τῷ
651 1398 768 1495 κράνει
783 1396 944 1496 Σφιγγός
956 1400 995 1448 22
1018 1398 1133 1475 εἰπόν·
1159 1396 1199 1495 (ά

91 1503 129 1574 δὲ
144 1506 180 1589 ές
196 1499 258 1599 τὴν
272 1508 413 1599 Σφίγγα
428 1508 568 1598 λέγεται,
589 1500 713 1600 γράῦω
728 1498 968 1599 προελθόντος
981 1506 1018 1590 ές
1030 1500 1074 1577 τά
1089 1510 1199 1576 Βοιω-

90 1600 147 1675 τιά
162 1604 199 1650 29
217 1633 278 1697 μοι
292 1613 361 1679 τοῦ
378 1601 505 1703 λόγου)
525 1601 606 1678 καθ’
630 1602 792 1702 ἑκάτερον
806 1607 844 1678 dl
860 1612 928 1678 τοῦ
944 1601 1100 1699 ιιράνους
1114 1612 1199 1704 γρῦ-

93 1710 156 1792 πές
172 1713 258 1780 εἰσιν
270 1712 535 1805 ἐπειργασμένοι.
564 1712 620 1803 (6)
640 1705 807 1796 Τούτους
819 1703 908 1796 τοῦς
921 1715 1060 1805 γρῦπας
1076 1714 1199 1798 ἐντοῖς
1216 1737 1234 1794 s

93 1814 208 1882 έπεσιν
218 1805 384 1905 Ἀριστέας
399 1808 419 1884 ὁ
438 1808 706 1909 Προκοννήσιος
712 1812 749 1859 ³⁰
763 1808 935 1908 μάχεσθαι
942 1818 1021 1907 περὶ
1033 1820 1100 1886 τοῦ
1114 1838 1199 1910 γρυ-
1211 1835 1256 1898 σε

96 1920 166 1986 σοῦ
194 1930 304 2010 φησιν
317 1909 534 2009 Ἀριμασποῖς
554 1910 882 2012 ῦπέρἸσσηῦόνων·
913 1909 976 1987 τόν
999 1911 1202 2013 ιλέχρυσῦν,
1288 1996 1302 2013 ,

94 2011 138 2089 όν
164 2013 413 2112 φυλάσσουσιν
440 2024 477 2092 oi
501 2026 650 2114 γρῦπες,
687 2014 817 2093 άνιέναι
838 2013 902 2114 τὴν
923 2023 1003 2114 γῆν·
1049 2019 1134 2092 εἶναι
1163 2020 1203 2091 δὲ

89 2115 321 2217 Ἀριμασποῦς
336 2124 399 2215 μὲν
414 2118 545 2217 ἄνδρας
560 2119 845 2219 μονοφθάλμους
857 2116 991 2208 πάντας
1007 2125 1044 2194 έιι
1055 2127 1203 2220 γενετῆς,

94 2315 170 2352 nmn
188 2297 367 2368 nominant,
394 2297 526 2353 securim
546 2297 578 2352 in
592 2297 681 2352 illum
697 2296 845 2353 iaculatus
859 2292 924 2374 (hic
941 2296 1024 2353 enim
1035 2297 1114 2354 sacri
1130 2295 1204 2353 ritus

96 2379 154 2456 est)
168 2381 288 2456 fugiens
297 2381 373 2436 abit:
389 2382 442 2459 qui
451 2379 637 2453 adstiterunt,
648 2391 883 2459 tanquameum,
900 2381 953 2458 qui
962 2380 1073 2440 bovem
1079 2399 1205 2459 percus·

96 2466 177 2537 serit,
199 2483 259 2519 non
274 2463 413 2538 viderint,
433 2466 563 2521 securim
575 2466 606 2520 in
618 2463 766 2521 iudicium
778 2484 863 2522 ream
875 2467 977 2521 citant.
998 2468 1039 2523 Er
1049 2464 1124 2522 haec
1135 2465 1206 2543 qui·

97 2548 178 2620 dem,
194 2567 253 2626 quo
267 2545 401 2605 diximus
415 2548 516 2623 modo,
528 2559 723 2628 peragrmtur.
745 2546 841 2629 (5)1n
856 2568 892 2606 eo
899 2567 971 2606 vero
978 2551 1103 2629 templo,
1115 2567 1207 2628 quem

95 2630 288 2692 Parthenona
304 2635 473 2711 appellant,
490 2654 525 2691 ac
542 2635 656 2712 fastigii
672 2653 708 2691 ea
723 2644 818 2712 parte,
841 2635 894 2712 qui
911 2636 1040 2713 Aquilae
1056 2632 1206 2707 dicuntur,

97 2721 184 2796 signa
205 2720 300 2795 posita
324 2729 395 2776 sunt
425 2718 464 2776 ad
484 2721 639 2778 Minervae
659 2719 776 2779 natales
797 2721 988 2799 pertinentia.
1031 2723 1068 2778 ln
1090 2720 1206 2798 postico

96 2807 250 2862 Minervae
266 2813 296 2859 et
308 2806 440 2882 Neptuni
456 2803 494 2862 de
509 2808 609 2863 Attica
628 2815 798 2862 certamen:
820 2807 902 2862 Deae
920 2804 1043 2882 signnm
1061 2823 1104 2861 ex
1118 2805 1207 2861 ebore

98 2900 128 2947 et
148 2909 218 2947 auro
242 2890 377 2946 factum:
413 2891 445 2946 in
467 2891 573 2968 galeae
591 2910 665 2951 cono
689 2888 811 2968 Sphinx
834 2891 965 2947 eminet:
996 2888 1033 2947 de
1054 2909 1106 2964 ea,
1129 2908 1206 2969 quae

98 2976 263 3032 memoriae
286 2972 405 3052 prodita
430 2985 521 3048 sunt,
558 2987 632 3034 tunc
653 2995 820 3053 exponam,
849 2993 945 3052 quum
966 2973 1006 3032 ad
1027 2973 1208 3034 Boeotorum

99 3081 146 3117 res
170 3069 295 3117 ventum
313 3061 414 3117 fuerit.
463 3063 629 3140 Utramque
651 3062 756 3136 galeae
783 3069 902 3136 partem
927 3057 1068 3138 Gryphes
1093 3067 1208 3116 tenent.

101 3145 149 3223 (6)
173 3147 235 3201 llos
252 3163 322 3200 omn
340 3146 526 3222 Arimaspis,
557 3146 610 3224 qui
628 3162 716 3221 supra
739 3141 896 3201 Issedones
920 3154 1006 3219 sunt,
1034 3145 1100 3201 auri
1119 3162 1210 3202 causa

101 3230 227 3303 bellare,
245 3230 384 3286 Aristeas
399 3227 619 3286 Proconnesius
632 3228 815 3284 carminibus
827 3238 953 3286 testatus
970 3239 1032 3287 est:
1055 3240 1086 3286 et
1103 3247 1210 3287 aurum

101 3313 240 3394 quidem,
271 3311 352 3392 quod
378 3311 551 3383 custodiunt
571 3310 727 3391 Gryphes,
759 3323 877 3369 eterra
903 3315 1004 3375 nasci:
1034 3315 1210 3391 Arimaspos

101 3404 183 3479 ipsos
208 3400 296 3458 unico
315 3399 450 3478 singulos
475 3399 561 3459 oculo
583 3400 685 3472 nasci,
710 3407 740 3455 et
754 3394 910 3477 Gryphes‚
936 3399 1055 3456 belluas
1074 3399 1211 3457 leonibus

138 3567 183 3618 23.
210 3559 322 3616 πέλεκιν
338 3566 394 3633 La,
434 3565 513 3619 etiam
537 3571 641 3635 postea.
710 3563 755 3616 28.
781 3557 902 3633 σφυγγός
923 3565 975 3634 Ag.
1012 3581 1072 3619 mox
1096 3558 1137 3626 εἰς
1160 3556 1214 3632 τὴν

102 3629 197 3755 {effi
198 3634 235 3684 N
250 3632 375 3702 deinceps
388 3633 495 3702 οἴχεται
509 3630 542 3687 δὲ
559 3629 640 3702 φεῦγ.
675 3631 826 3685 Pcanab.
990 3641 996 3652 ³

103 3765 643 3909 dictitetur?
676 3737 965 3859 vitaturum
986 3732 1215 3874 tutum

105 3904 143 3970 ὣς
169 3904 228 3977 339.
254 3907 464 3960 AXKFRVbM·
501 3902 538 3968 ὡς
561 3905 643 3976 ‘07⁰⁹
676 3876 709 3928 Β.
732 3891 792 3926 mox
818 3869 919 3942 γρῦπες
946 3874 1098 3928 SMLabe
1125 3872 1216 3927 hicet

106 3975 205 4042 ἔδρασε
220 3969 254 4029 τό
275 3972 372 4044 ἔργον·
396 3971 447 4028 oda
467 3972 641 4038 olddreeVe.
676 3948 785 4013 ¹³⁰⁶t⁰⁸²
820 3943 879 3997 222
902 3943 974 3996 inm
994 3943 1104 4010 222222
1136 3934 1217 4012 2222·

139 4047 183 4100 25.
203 4039 339 4113 ἐπάγουσι
351 4046 402 4098 Va.
422 4063 481 4099 mox
498 4040 549 4099 τόν
567 4041 643 4116 elon·
677 4007 810 4080 22222222
826 4013 863 4066 N·
882 4004 1029 4080 22222222·
1043 4012 1095 4065 Vb·

105 4109 196 4182 μένων
205 4116 256 4168 La.
287 4158 290 4164 .
385 4176 388 4180 ,
421 4153 427 4167 .
711 4115 756 4168 30.
795 4108 1001 4181 προιονήσσιος
1025 4113 1215 4168 PcLanNM.

141 4184 185 4237 26.
203 4180 334 4244 εἰςιοῦσιν
344 4183 396 4241 M„
678 4183 705 4234 in
720 4183 761 4237 La
777 4199 794 4234 c
814 4184 925 4236 alierum
942 4192 1002 4255 sup.
1022 4202 1094 4238 vers.
1112 4177 1218 4251 προκό-

142 4253 186 4307 27.
204 4248 237 4306 τό
257 4262 285 4307 et
302 4252 392 4324 paullo
408 4256 469 4322 post
482 4247 532 4304 ιιαλ
541 4251 646 4322 χρυσοῦ
677 4266 764 4319 mcor
774 4253 826 4304 Vb.
845 4269 905 4304 mox
919 4245 1097 4320 άριμασπαῖς,
1115 4255 1159 4315 οἷς
1171 4268 1216 4304 sn-

109 4339 160 4375 om.
172 4323 209 4376 N.
679 4338 729 4391 per
740 4323 787 4381 αῖς
799 4321 834 4374 Ν.
854 4321 1000 4390 cerostata]
1012 4316 1087 4389 aiulo
1096 4321 1129 4374 C.
1158 4330 1161 4335 '

916 4411 985 4472 112
