2872 4846
196 230 269 314 'soa
584 234 939 308 rorrnomra

205 414 361 511 λέγονται
382 412 420 484 ot
446 405 495 483 οὐ
517 415 639 483 πασῶν
659 386 730 485 cliv
752 416 927 506 γυναικοίν
949 405 1013 503 (οὐ
1036 404 1102 504 γὰρ
1122 401 1167 502 tir}
1190 408 1324 480 πολλαί

206 544 297 603 τινες
321 517 480 605 ἐκείνω),
507 508 636 586 ὁπόσαι
657 515 695 587 (ll
715 509 882 608 ἀξιώματί
902 526 1083 608 προεῖχον,
1109 504 1249 583 τούτων
1273 515 1324 582 εί-

170 614 314 705 Βκόνας
350 611 530 690 ἀναθεῖναι
546 614 583 663 ²⁶
618 611 746 707 μόνων.
818 620 902 710 (11)
940 621 1016 688 Τοῦ
1046 615 1084 686 (ll
1115 617 1214 707 ίεροῦ
1248 619 1324 685 τοῦ

200 713 417 806 Ἀπόλλωνός
431 721 523 791 ἐστιν
535 714 756 815 οἰκοδόμημα
771 723 970 813 ἔμπροσθεν
991 712 1162 810 Ὀρέστου
1188 712 1324 789 καλού-

205 849 311 917 μενον
332 814 451 918 σκηνή.
506 823 589 915 πρίν
608 817 674 917 γάρ
703 825 756 894 ἐπί
783 829 832 919 τῷ
859 826 975 913 αίγιατι
998 823 1224 914 καθαρθῆναι
1255 825 1325 914 τῆς

205 919 355 1022 μητρός,
403 927 615 1019 Τροιζηνίων
649 919 769 1012 οὐδεὶς
806 921 978 1018 πρότερον
1003 919 1127 1019 ῆθελεν
1154 914 1266 994 αὐτόν
1281 921 1323 968 ²⁷

206 1035 292 1124 οίκρι
321 1024 507 1115 δέξασθαι·
564 1032 772 1114 καθίσαντες
800 1029 837 1099 δὲ
867 1031 1022 1100 ἐνταῦθα
1044 1020 1235 1118 ἐκάθαιρον
1261 1027 1325 1096 καί

207 1134 360 1217 εἱστίων,
386 1131 423 1215 ίς
451 1122 473 1200 ὃ
499 1121 704 1224 ἀφήγνισαν.
756 1134 814 1202 καί
839 1135 907 1203 νῦν
929 1133 977 1201 ίτι
997 1134 1034 1200 oi
1054 1121 1224 1220 άπόγονοι
1250 1133 1324 1199 τῶν

206 1228 438 1328 καθηράντων
459 1234 615 1304 ἐνταῦθα
635 1238 839 1306 δειπνοῦσιν
863 1237 899 1305 iv
917 1229 1061 1327 ἡμέραις
1078 1233 1207 1325 ῥηταῖς.
1260 1259 1323 1301 κα-

207 1336 452 1430 τορυχθέντων
471 1335 509 1406 δὲ
531 1329 648 1429 ὀλίγον
664 1330 733 1409 άπό
751 1342 814 1431 τῆς
835 1341 964 1431 σκηνῆς
978 1340 1049 1405 τῶν
1069 1334 1274 1426 καθαρσίων
1281 1331 1325 1380 ²⁸

208 1440 319 1532 φασίν
345 1430 402 1509 ἄπ’
426 1430 543 1509 αὐτῶν
569 1430 929 1534 braquam-(lolem,
967 1430 990 1532 ῆ
1014 1430 1059 1530 tlt}
1083 1437 1140 1507 καί
1170 1437 1207 1521 ίς
1227 1429 1324 1533 ῆρᾶς

172 1544 318 1630 ρίστιν,
340 1534 447 1635 ῆπρό
463 1547 526 1634 τῆς
549 1547 679 1637 σκηνῆς
691 1537 837 1640 ταύτης.
866 1545 1020 1636 καθῆραι
1039 1542 1078 1609 δέ
1099 1553 1209 1631 φασιν
1223 1530 1323 1631 Ὀρέ-

209 1659 294 1740 στην
313 1645 524 1736 καθαρσίοις
546 1646 604 1714 καί
620 1639 739 1730 ἄλλοις
763 1647 821 1715 καί
842 1637 946 1714 ὕδατι
966 1647 1015 1737 τῷ
1032 1638 1069 1686 ²⁹
1090 1635 1159 1712 άπὸ
1181 1645 1245 1735 τῆς
1266 1645 1323 1712 ἴπ-

206 1767 281 1818 ποο
300 1739 440 1839 κρήνης.
495 1748 577 1837 (12)
597 1741 697 1818 Ἔστι
716 1740 782 1840 γάρ
804 1747 862 1816 καί
889 1745 1105 1838 Τροιζηνίοις
1132 1748 1244 1815 ίπποα
1259 1771 1321 1814 κα-

207 1849 361 1941 λουμένη
387 1841 496 1942 κρῆνη
529 1850 586 1917 καί
617 1844 637 1918 ό
665 1843 772 1942 λόγος
797 1850 832 1934 ίς
862 1841 973 1942 αὐτ-ῆν
1004 1840 1104 1917 01330
1134 1839 1323 1941 διαφόρως

146 1955 150 1959 ’
207 1953 278 2021 τῶν
304 1953 469 2020 Βοιωτῶν
489 1950 575 2043 ἔχει·
613 1946 766 2047 Πηγάσῳ
780 1944 856 2044 ,γάρ
879 1955 926 2045 τῷ
949 1953 1042 2045 ίππῳ
1063 1950 1121 2019 καί
1139 1935 1242 2021 οὗτοι
1266 1951 1323 2020 λί-

208 2170 301 2249 copiis
310 2171 522 2231 sustinendum
530 2185 719 2237 censuerunt.
752 2177 857 2254 Neque
866 2194 937 2232 vero
950 2173 1090 2233 omnibus
1098 2181 1223 2245 statuas,
1240 2189 1321 2251 quae

207 2275 270 2314 non
289 2259 405 2315 multae
426 2268 513 2332 sunt,
539 2261 651 2339 positas
671 2270 794 2339 putant,
817 2258 871 2317 sed
896 2261 933 2317 iis
954 2268 1089 2331 tantum,
1115 2276 1193 2337 quae
1216 2255 1322 2334 ‹ligui-
1430 2287 1432 2291 ·

206 2350 270 2399 tate
285 2352 398 2400 ceteras
414 2344 578 2402 anteibant.
620 2343 691 2425 (11)
712 2348 791 2402 Ante
803 2344 954 2422 Apollinis
974 2342 1145 2401 aedificium
1166 2340 1322 2422 quoddam

208 2434 275 2500 est,
305 2425 386 2506 quod
416 2429 528 2486 Orestis
553 2430 783 2488 tabernaculum
806 2430 969 2508 appellant.
1012 2428 1099 2486 Prius
1123 2429 1205 2484 enim
1227 2446 1323 2506 quam

205 2512 338 2570 materni
363 2514 518 2591 sanguinis
543 2517 697 2578 maculam
719 2515 941 2593 expiationibus
970 2515 1089 2572 Orestes
1116 2514 1255 2598 elueret,¹
1282 2509 1322 2569 de

178 2631 183 2642 ·
206 2597 383 2656 Troezeniis
402 2619 492 2656 nemo
514 2619 584 2657 eum
606 2611 686 2658 tecto
706 2603 838 2678 recipere
852 2601 967 2658 voluit:
989 2597 1089 2656 sedin
1109 2617 1144 2654 ea
1158 2599 1225 2676 ipsa
1241 2598 1326 2654 cella

206 2680 297 2739 illum
311 2684 474 2742 consistere
487 2685 656 2758 iusserunt,
678 2686 796 2763 ibique,
820 2687 872 2762 qui
887 2685 915 2740 ei
928 2684 1100 2741 lustratIoni
1112 2683 1320 2761 praefuerunt,

154 2790 157 2800 ¹
208 2768 314 2845 epulas
331 2769 360 2824 ei
374 2770 592 2846 praebuerunt,
615 2771 790 2848 quantisper
811 2772 866 2824 rite
881 2770 1020 2847 expiatus
1040 2778 1094 2826 est.
1137 2769 1240 2824 Manet
1263 2765 1322 2823 ad-

207 2847 268 2907 huc
285 2855 376 2924 ritus,
397 2863 433 2909 ut
451 2853 573 2909 illorum
596 2855 710 2932 posteri
731 2855 816 2910 statis
840 2852 946 2910 diebus
962 2850 1069 2910 eodem
1082 2855 1114 2909 iu
1133 2852 1203 2910 loco*
1217 2855 1322 2909 coeni-

206 2944 282 2992 tent.
325 2935 459 2992 Defossis
474 2947 575 2993 autam
592 2938 754 3015 nonlonge
774 2938 811 2993 ab
830 2956 865 2994 ea
885 2939 1008 2994 taberna
1026 2939 1172 3016 piaculis,
1197 2939 1321 2994 laurum

207 3037 277 3075 eam
297 3027 418 3075 enatam
440 3016 583 3092 tradunt,
620 3039 697 3098 quae
718 3018 817 3079 adhuc
837 3024 928 3095 viret,
963 3024 1103 3098 proximo
1127 3023 1155 3078 ei
1176 3022 1321 3080 tabernae
1426 3036 1432 3042 '

206 3096 285 3162 loco.
328 3100 376 3161 Ad
399 3123 470 3161 eum
491 3123 561 3162 vero
581 3105 771 3164 lustrandum
791 3117 821 3164 et
848 3109 907 3163 alia
926 3106 1101 3164 februorum
1124 3126 1235 3184 genera
1263 3106 1321 3164 ad-

206 3185 303 3246 hibita
335 3186 458 3264 dicunt,
495 3198 525 3246 et
549 3209 660 3270 aquam
681 3213 720 3249 ex
740 3195 943 3272 Hippucrene.
1000 3189 1070 3272 (12)
1093 3193 1213 3248 Habent
1237 3195 1320 3248 euim
1351 3198 1356 3205 '

206 3273 266 3352 ipsi
282 3292 402 3352 quoque
416 3274 577 3333 Troezenii
593 3278 822 3357 Hippucrenen:
844 3277 882 3335 de
897 3297 958 3356 qua
978 3278 1055 3334 alius
1075 3296 1168 3356 quam
1183 3297 1200 3334 a
1217 3278 1319 3336 Boeo-

148 3365 154 3376 “
206 3359 245 3417 tis
268 3355 404 3439 proditus
422 3370 468 3420 eat
488 3380 599 3420 sermo.
641 3366 718 3420 Nam
737 3381 829 3442 quum
854 3373 883 3419 et
905 3364 963 3440 ipsi
985 3360 1103 3436 dicant,
1126 3363 1235 3440 Pegasi
1248 3365 1320 3442 equi
1381 3417 1387 3425 ς

241 3559 284 3613 26.
304 3555 512 3629 άναθῆναιῐαι.
530 3557 635 3630 μόνον,
661 3579 682 3612 ω
699 3578 745 3613 ειι-
783 3624 797 3645 n
814 3563 858 3616 29.
891 3560 931 3631 τῷ
954 3560 1112 3646 ἰηιεῐρίηιαε
1137 3578 1153 3613 e
1176 3560 1234 3643 Va..
1270 3558 1320 3614 καί

205 3641 293 3750 ων
317 3636 418 3750 na·
437 3630 490 3683 Vb·
607 3629 659 3683 αὖ
685 3636 747 3701 ν’*
779 3630 869 3753 αα
893 3626 951 3750 κ.
966 3622 1319 3751 κανόνων

112 3836 115 3841 Ι
217 3714 285 3820 &loll
299 3716 392 3818 (άίίιόν
407 3735 457 3820 ότι.
467 3766 518 3820 Va.
538 3785 598 3821 mox
609 3765 746 3819 καθίσαν-
779 3769 830 3820 Lb.
849 3766 938 3818 ἵππον
953 3717 1080 3834 κρηράαί
1105 3767 1176 3819 Edd.
1196 3766 1256 3820 rell.
1269 3717 1319 3820 Vb

206 3836 499 3972 “lllncsolllwtlulb’ullb
513 3906 547 3959 ad
564 3886 652 3975 marg..
665 3903 747 3957 habet
780 3837 829 3889 La·

208 3971 259 4023 Va.
272 3989 331 4052 mor
344 3967 594 4059 άναηῆναιΚνίιίο
607 3990 746 4056 opprarum
814 3973 857 4026 30.
875 3967 929 4056 οοὐ
964 3975 1040 4026 abest
1067 3974 1100 4055 ab
1127 3970 1316 4056 Axurcodgr.

207 4037 382 4124 yquernda
401 4039 421 4108 η
443 4037 475 4127 ‘ll
488 4050 584 4126 ‘tacita
606 4041 690 4126 edtdqt
712 4042 745 4095 C.
780 4042 1002 4095 Uncrsinclusnrn
1014 4050 1104 4164 posuit
1119 4041 1152 4125 (Ξ,
1171 4058 1231 4095 ame
1260 4059 1318 4097 ucis

239 4104 275 4173 δη
289 4122 336 4159 seu
349 4104 381 4160 (ll
395 4103 424 4172 ἒς
438 4129 515 4179 quac
528 4106 568 4164 ἔτι
579 4101 616 4178 ἦν
629 4127 686 4178 προ
698 4129 748 4178 της
781 4112 812 4185 ss
828 4110 888 4162 coll.
902 4111 1004 4178 lx,31‚
1035 4111 1085 4162 .Β.
1103 4112 1226 4165 curiles.
1263 4128 1316 4175 αφ.

208 4173 265 4227 vult
290 4175 419 4231 Latronn.
473 4182 538 4233 Mox
563 4168 690 4246 καθῇναι
715 4174 747 4231 δὲ
781 4174 820 4247 ἔγ.
834 4179 914 4231 vaM.
941 4179 1021 4246 διαφ.
1034 4180 1090 4231 τῶν
1108 4182 1168 4232 Βοι.
1193 4178 1265 4233 Edd.
1279 4179 1318 4230 Pc

208 4242 259 4295 Lb.
294 4310 297 4314 ι
716 4294 718 4301 ,
781 4248 831 4316 Ag.
851 4249 942 4302 melius
953 4247 1005 4300 τοῦ
1013 4249 1150 4302 Βοιωτῶν.
1244 4263 1258 4276 “
