2872 4846
229 286 294 353 48⁰
633 283 932 348 AAustNIKA

231 456 318 541 λίαν,
340 453 496 523 ἐνταῦθα
517 455 554 524 οί
576 455 747 525 Θεσσαλοί
767 447 880 548 χάριτι
888 450 925 499 ³²
946 457 987 546 τῇ
1005 452 1041 539 ἐς
1066 451 1254 546 Θηβαίους
1279 456 1356 523 τοῦ

230 549 353 650 πρόσω
376 548 438 626 τὸν
449 548 643 650 Ἀγησίλαον
661 559 847 651 ἐπειρῶντο
872 561 1008 649 εἴργειν·
1034 539 1079 648 ἦν
1097 557 1136 626 δέ
1152 583 1185 626 τι
1199 549 1357 641 εὐνοίας

179 675 213 730 13
231 661 268 731 ἐκ
281 662 434 728 παλαιοῦ
447 661 505 729 καί
517 662 553 744 ἐς
566 653 628 754 τὴν
642 653 746 730 πόλιν
762 653 883 745 αὐτοῖς
895 653 957 754 τὴν
965 652 1162 750 Ἀθηναίων.
1188 660 1249 750 (7)
1255 651 1356 753 Ἀγη-
1385 653 1388 657 ’

229 765 350 846 σίλαος
366 761 403 831 δὲ
429 766 620 833 Θεσσαλίαν
641 789 676 832 τε
691 760 851 857 διεξῆλδε
868 760 903 808 ³³
924 754 1139 853 τρεψάμενος
1162 754 1285 831 αὐτῶν
1305 755 1352 831 τὸ

229 857 388 951 murato,
410 866 467 934 καί
493 850 603 950 αὖθις
633 859 691 934 διὰ
715 869 880 936 Βοιωτῶν
903 858 1072 934 διώδευσε
1099 866 1284 956 Θηβαίους
1311 866 1354 934 ἐν

228 969 409 1060 Κορωνείᾳ
430 968 487 1036 καί
501 962 540 1036 τὸ
563 963 646 1037 ἄλλο
661 962 806 1061 νικήσας
829 959 1058 1060 συμμαχικόν.
1112 961 1160 1051 ὡς
1185 966 1223 1036 δὲ
1247 960 1352 1060 ἐτρά-

228 1092 337 1141 ποντο
363 1073 400 1139 ot
413 1071 573 1157 Βοιωτοί,
592 1065 877 1164 καταφεύγουσιν
900 1065 1024 1162 ἄνδρες
1045 1065 1081 1154 ἐξ
1098 1062 1215 1157 αὐτῶν
1242 1070 1281 1154 ἐς
1303 1073 1352 1138 ίε-

232 1165 297 1265 οόν
326 1165 471 1265 Ἀθηνᾶς
502 1173 677 1265 ἐπίκλησιν
703 1165 872 1258 Ἰτωνίας·
911 1167 1107 1265 Ἀγησίλαος
1128 1171 1166 1241 δὲ·
1192 1167 1262 1264 εἶχε
1285 1172 1352 1261 μὲν

232 1279 372 1364 τραῦμα
403 1276 440 1343 ἐκ
469 1279 532 1368 τῆς
559 1269 680 1369 μάχης,
708 1277 743 1362 ἒς
758 1276 796 1346 δὲ
816 1269 904 1362 τούς
919 1276 1032 1360 ἱκέτας
1056 1267 1350 1368 νίαρε-νόμησενΘ4

234 1367 319 1446 οὐδ’
341 1368 467 1461 οὕτως.
836 1420 839 1425 -

610 1564 864 1638 CAPUT
916 1565 964 1634 X.

230 1727 369 1798 Agesilaus
394 1729 480 1781 denuo
513 1747 570 1782 cum
597 1730 716 1784 exercitu
736 1729 893 1782 Corinthum
909 1728 1000 1795 venit,
1033 1734 1060 1782 et
1076 1724 1283 1796 Amyclaeeuses
1302 1724 1347 1776 di-

206 1816 210 1825 '
318 1815 393 1868 missi
411 1817 445 1867 ad
464 1815 629 1883 Hyacinthia
648 1815 804 1870 celebranda
829 1817 862 1868 ab
879 1815 1015 1884 Iphicrate
1041 1813 1225 1884 opprimuntur
1248 1811 1279 1863 in
1300 1810 1348 1863 iti·

319 1918 382 1951 nere
400 1929 435 1939 —-
448 1900 588 1967 Agesilaus
601 1902 703 1956 Aetolis
722 1920 798 1972 opem
815 1903 868 1955 fert
885 1929 920 1939 -
939 1901 967 1952 in
984 1901 1133 1971 Aegyptum
1144 1897 1246 1951 traiicit
1265 1906 1294 1952 et
1317 1897 1347 1949 in

318 1984 416 2037 itinere
435 1985 548 2039 moritur·
566 2017 602 2026 —
625 1987 783 2040 Archidamo
802 1993 930 2055 regnante
947 1986 1099 2040 Phocenses
1117 1985 1241 2055 Delphici
1258 1983 1345 2053 Apol-

318 2069 379 2121 linis
398 2072 522 2140 templum
543 2080 671 2141 occupant
695 2078 722 2126 et
740 2091 756 2126 a
776 2073 990 2127 Lacedaemoniis
1012 2080 1105 2127 contra
1124 2071 1271 2124 Thebanos
1295 2069 1346 2123 ad-

317 2159 443 2212 iuvantur
464 2157 690 2212 —Archidamus
709 2159 866 2212 Tarentinis
889 2157 987 2210 auxilio
1007 2158 1186 2228 proficiscitur
1211 2165 1238 2210 et
1256 2155 1298 2210 ibi
1316 2156 1346 2208 in

317 2261 406 2314 pugna
425 2244 582 2297 interficitur
599 2275 633 2283 -
653 2244 736 2313 Agis,
764 2264 831 2311 rex,
856 2252 949 2297 contra
967 2241 1136 2313 Antipatrum
1156 2260 1279 2312 pugnans
1297 2259 1345 2294 oc-

319 2330 417 2382 cumbit
435 2359 470 2368 -
487 2329 613 2381 Laconici
629 2330 688 2397 agri
705 2331 848 2396 descriptio
863 2328 957 2398 incipit
975 2346 991 2379 a
1007 2327 1117 2394 regione
1133 2329 1250 2382 Scotitas
1270 2329 1346 2383 dicta

318 2444 354 2454 -
381 2415 414 2465 da
437 2416 497 2467 vico
516 2415 622 2483 Caryae
645 2417 715 2469 dicto
735 2426 762 2470 et
780 2417 883 2469 Dianae
901 2412 1055 2480 Caryatidis
1074 2414 1146 2467 cultu
1164 2414 1345 2484 -reliquiis

318 2500 439 2553 Selasiae
456 2530 492 2542 -
509 2500 640 2571 Apollinis
650 2501 766 2569 Pytha‘ei
779 2501 855 2570 signo
875 2501 903 2552 in
919 2505 1007 2551 moute
1022 2498 1175 2554 Thoruace.

311 2635 366 2712 Οὐ
381 2647 498 2737 πολλῷ
516 2643 553 2712 δὲ
566 2636 716 2734 ὕστερον
729 2636 791 2713 τὸν
805 2637 920 2736 ἀγῶνα
933 2636 1084 2734 ἔθηκαν1
1099 2645 1168 2712 τῶν
1178 2633 1344 2732 Ἰσθμίων

130 2745 133 2749 ’
232 2746 269 2814 οί
294 2745 349 2814 snt
373 2750 589 2841 Λακωνισμῷ
614 2740 840 2839 φεύγοντες2
866 2744 1071 2836 Κορίνθιοι·
1120 2747 1158 2814 ol
1179 2743 1217 2813 δὲ
1239 2746 1276 2816 ἐν
1299 2751 1343 2839 τῇ

229 2937 263 2984 nt
289 2947 356 2984 eam
377 2927 566 2986 aThebanis
587 2933 715 3006 gratiam
738 2932 865 3002 inirent,
887 2931 969 2987 viam
984 2930 1012 2985 ei
1028 2928 1228 2988 intercludere
1241 2933 1344 2989 conati

229 3022 320 3070 sunt:
345 3011 427 3092 quod
446 3033 500 3091 pro
513 3017 607 3071 veteri
628 3017 719 3072 etiam
737 3033 807 3072 oum
819 3012 1054 3072 Atheniensibus
1072 3017 1201 3072 amicitia
1215 3017 1273 3073 sibi
1289 3018 1343 3073 fa-

229 3095 373 3154 ciendum
389 3109 542 3176 putarunt.
587 3098 635 3180 (7)
657 3103 698 3157 At
712 3101 775 3174 ille,
799 3101 867 3158 fuso
880 3097 1021 3176 *hostium
1043 3103 1188 3178 equitatu,
1207 3100 1264 3157 iter
1280 3102 1342 3158 sibi

230 3185 363 3260 aperuit:
386 3203 421 3241 ac
445 3204 521 3242 mox
537 3183 693 3244 Thebanis
714 3197 744 3243 et
764 3205 869 3243 eorum
893 3186 1016 3241 auxiliis
1044 3183 1082 3242 ad
1100 3186 1268 3243 Coroneam
1286 3207 1342 3245 su·

229 3271 351 3347 peratis,
367 3288 421 3346 per
436 3272 574 3328 Boeotios
589 3272 648 3328 sibi
661 3273 741 3328 viam
754 3272 837 3328 fecit.
867 3271 929 3348 lpsi
943 3269 1067 3347 quidem
1083 3272 1200 3328 Boeotii
1215 3292 1232 3327 e
1248 3291 1342 3350 proe-
1366 3267 1373 3280 ‘

228 3353 271 3411 lio
290 3354 322 3410 in
337 3355 491 3412 Minervae
506 3367 704 3433 cognomento
716 3359 831 3415 Itoniae
847 3355 1057 3432 confugerunt.
1083 3357 1242 3432 Agesilaus
1257 3377 1340 3429 vero,

230 3439 287 3496 etsi
300 3440 411 3496 vulnus
435 3442 467 3496 in
486 3460 589 3518 pugna
609 3452 772 3520 acceperat,
793 3442 971 3518 neutiquam
986 3440 1044 3496 sibi
1058 3450 1160 3496 tannen
1173 3443 1205 3496 in
1218 3445 1341 3520 suppli-

230 3523 314 3595 cibus
330 3523 479 3594 riolandis
493 3528 671 3603 religionem
687 3524 938 3583 contemnendam
953 3526 1079 3581 censuit.

299 3625 373 3683 Cur.
399 3627 438 3682 X.
482 3630 548 3684 Non
572 3630 614 3685 ita
630 3631 726 3686 multo
749 3638 816 3706 post
834 3625 994 3686 lstlunioos
1015 3626 1104 3686 ludos
1121 3629 1258 3685 fecerunt
1278 3618 1355 3688 Co-⁴

230 3707 411 3768 rinthiorum
427 3712 464 3786 ii,
489 3715 542 3792 qui
561 3712 651 3772 domo
670 3715 842 3772 eonomine
862 3712 1044 3790 effugerant,
1075 3712 1156 3792 quod
1172 3714 1341 3792 Spartano-

259 3875 304 3929 32.
321 3870 423 3944 γάρητι
443 3876 496 3930 Vb.
526 3883 580 3931 tum
598 3869 759 3946 τῆςίςνα.
830 3878 910 3933 Cia.
930 3877 966 3929 Χ.
1005 3881 1029 3933 1.
1049 3871 1153 3947 ἔθηκεν
1166 3878 1260 3932 Vahb.

223 3934 367 4010 ίκηοιόντο
379 3945 431 3998 Vb.
451 3941 595 4015 loysthg.

260 4012 304 4065 33.
323 4012 471 4133 διεξηλδεν
483 4014 535 4068 Vb.
553 4011 703 4068 διώδευσαν
711 4017 761 4084 Ag.
831 4016 858 4068 2.
877 4010 1046 4083 φεύγοντες·
1083 4011 1236 4081 Κορίνθιοι
1254 4009 1286 4067 δὲ
1306 4009 1339 4069 ίν

227 4080 351 4145 κορωνία
401 4085 436 4148 b3
466 4083 597 4150 κορονεία
619 4085 667 4137 Va.
698 4085 764 4138 Mox
797 4083 1006 4138 AXKFCSmin.
1020 4083 1107 4136 Codd.
1128 4078 1339 4139 oiinseruerunt

227 4141 300 4215 εἶχεν
310 4149 349 4201 Μ.
799 4153 881 4206 Sinai.
900 4155 1051 4220 Porsonns,
1067 4154 1099 4204 B.
1130 4149 1337 4218 aoptvtlloaedl

261 4215 305 4269 34.
325 4211 638 4290 οίκέταςκαοενόμιοεν,
655 4239 766 4292 pauper
798 4222 881 4275 vsu.
910 4217 943 4293 τὸ
962 4216 1111 4291 ἄγησίίνῑ
1142 4228 1197 4276 tum
1211 4221 1337 4292 δείγματι

228 4300 247 4352 ι,
261 4284 313 4340 Vb.
333 4279 407 4338 οὕτω
416 4280 598 4354 AgVabblLa.
799 4290 880 4345 Valli.
