2872 4846
17 858 103 1029 8

172 291 231 348 XX
542 280 954 348 PRAEFATIO.

170 465 242 546 χεάς
266 452 513 536 succumberes
527 507 534 524 .
550 455 761 543 ἕπαμενεῦνὸας
781 481 835 548 -3
866 464 934 529 tum
951 463 1082 551 custos,
1114 456 1201 528 haud
1226 458 1319 528 dublo

174 559 383 646 tncpcoictcg
390 611 400 642 ,
419 568 457 630 at
467 562 520 628 hle
532 583 658 654 rasura,
683 563 784 630 verba
799 565 854 641 τὰς
868 567 1055 652 φρουρὰς-
1071 563 1348 655 καταπαύσαντες

173 668 270 734 litura
289 663 414 756 deleta,
441 671 475 733 et
494 665 533 730 ab
554 667 619 731 alia
637 685 731 732 manu
752 671 860 733 custos
881 669 1119 750 λακεὸαεμονίαν
1141 670 1318 756 appositus.

175 769 284 837 Verba
296 773 403 834 autem
415 768 472 835 illa
483 773 558 836 sunt
569 766 661 857 VlIl,
678 765 739 858 52,
752 767 788 835 4.
842 766 933 852 Quae
956 775 1128 857 sequuntur
1150 771 1188 836 ab
1206 769 1318 837 eadem

176 891 271 939 manu
285 869 457 957 eademque
471 868 583 937 charta
604 890 664 956 qua
680 871 752 938 libri
769 870 900 937 l-lv
921 873 1039 962 scripta
1056 875 1131 938 sunt
1150 873 1317 961 manipulis

176 974 328 1044 tredecim
349 991 414 1038 non
436 973 572 1063 signatis
594 967 649 1062 (at
665 969 745 1040 folia
757 977 912 1061 quaterna
925 975 1033 1062 priora
1044 976 1184 1039 numeris
1198 979 1319 1040 notan-

175 1071 250 1164 tur)
264 1079 378 1142 octena
390 1071 470 1140 lolia
484 1075 736 1161 continentibus3
761 1077 941 1163 manipulus
960 1078 1075 1142 tertius
1096 1074 1236 1143 decimus
1257 1095 1317 1142 sex

176 1183 298 1247 tantum
317 1175 414 1242 habet
432 1174 523 1243 folia.
574 1174 665 1243 llaec
692 1178 798 1244 omnia
823 1176 992 1244 manifesto
1013 1177 1151 1265 probare
1169 1176 1319 1244 videntur

176 1285 300 1370 partem
311 1277 447 1344 mediam
460 1276 577 1345 codicis
592 1280 709 1369 integri
723 1277 959 1369 fragmentum,
990 1279 1111 1345 initium
1124 1282 1156 1344 et
1168 1277 1262 1344 linem
1277 1276 1317 1342 ad

177 1380 365 1471 complenda
384 1379 550 1470 deperdita
568 1379 674 1448 addita
693 1401 778 1448 esse.
830 1380 975 1470 Paginae
995 1384 1158 1447 extremae
1172 1380 1317 1445 inscribi-

176 1490 247 1553 tur:
274 1487 454 1550 Παυσανίου
478 1482 633 1566 ἓλληνικῆς
652 1481 856 1568 περιηγήσεως
875 1488 928 1547 ῐ99
947 1480 1101 1572 maturarit·
1128 1481 1203 1558 δόξα
1231 1509 1278 1546 σοι
1301 1481 1316 1546 ὃ

176 1585 260 1664 θεός.
277 1624 324 1636 -
341 1583 457 1655 ccccx
470 1613 487 1649 ν
499 1583 741 1673 ephelcysticon
760 1587 947 1676 saepissime
968 1587 1099 1674 omittit,
1123 1586 1220 1652 etiam
1241 1589 1317 1652 ante

177 1689 333 1757 vocalem.
384 1687 551 1778 integrum
565 1687 763 1756 contulimus.

279 1851 326 1948 6)
351 1857 467 1930 Codex
478 1859 705 1951 Lugdunensis
725 1859 791 1931 ltls.
807 1860 924 1929 Graec.
937 1858 998 1928 Nr.
1017 1858 1076 1928 16.
1089 1859 1131 1928 L.
1147 1854 1258 1950 (lab),
1284 1858 1317 1922 in

175 1959 340 2051 catalogo
350 1961 571 2030 Bibliothecae
582 1961 788 2031 therianae
800 1964 828 2030 l.
841 1986 874 2054 p.
889 1963 951 2032 49.
964 1962 1025 2030 Nr.
1042 1961 1128 2030 217.
1145 1966 1197 2028 est
1211 1979 1316 2026 mem-

173 2064 367 2155 branaceus,
393 2063 453 2132 fol.
482 2070 515 2132 et
539 2070 664 2132 constat
689 2071 773 2136 teste
793 2066 891 2135 Petro
917 2086 981 2135 van
1000 2063 1139 2131 Wesele
1159 2059 1317 2132 Schulten

174 2157 261 2235 foliis
277 2165 366 2256 307,
391 2167 451 2233 nisi
473 2187 566 2234 error
583 2169 615 2234 in
635 2168 776 2257 calculo,
799 2190 860 2236 nos
874 2171 957 2235 enim
970 2166 1148 2255 manipulos
1163 2162 1317 2230 denorum

174 2266 325 2339 foliorum
336 2272 569 2337 numeravimus
586 2271 732 2358 signatos
744 2272 872 2360 viginti,
886 2272 1028 2358 sequitur
1045 2264 1110 2358 ici,
1134 2267 1221 2333 cuius
1237 2264 1315 2333 folio

174 2375 269 2437 sexto
286 2370 465 2438 inscribitur
479 2375 496 2448 ξ
510 2379 563 2436 τοῦ
579 2367 636 2448 εἷα,
663 2371 746 2460 quod
768 2373 928 2459 excipiunt
949 2370 1028 2437 tolia
1048 2375 1185 2459 septem,
1211 2369 1317 2457 sapti-

173 2492 260 2543 mum
279 2485 403 2560 purum.
455 2471 582 2541 'l'itulus
597 2474 691 2539 rubro
705 2475 814 2542 colore
828 2476 981 2562 scriptus:
1007 2474 1189 2537 Παυσανίου
1206 2469 1316 2535 Ἕλλα·

174 2580 228 2653 δας
241 2572 460 2660 περιηγήσεως,
488 2574 558 2639 sine
571 2572 643 2639 libri
656 2574 767 2661 titulo,
793 2576 825 2640 in
838 2575 916 2640 fine:
944 2577 1029 2649 τέλος
1052 2581 1112 2638 τῶν
1132 2575 1315 2637 Παυσανίου

173 2674 386 2764 περιηγήσεων.
437 2674 475 2741 ln
497 2673 576 2741 folio
598 2675 740 2762 praefixo
761 2675 843 2741 haec
864 2676 1033 2763 leguntur:
1061 2673 1181 2763 „Hunc
1202 2674 1316 2741 librum

130 2798 133 2802 ·
173 2779 282 2847 curavi
301 2776 377 2843 mihi
395 2774 667 2843 transcribendum
685 2779 822 2845 venetiis
841 2796 880 2843 eo
903 2775 1036 2843 consilio
1064 2778 1134 2843 ut
1125 2797 1157 2843 m
1182 2776 1238 2844 lat
1216 2782 1316 2844 timum

50 2871 82 2949 ’,
172 2882 353 2968 verterem,
378 2899 437 2967 pro
451 2873 615 2971 tl[oren]is
630 2873 749 2972 οΙα(9)
773 2879 870 2946 Duct.
897 2877 1008 2948 decem
1033 2883 1066 2945 ct
1093 2884 1199 2946 octo.
1188 2880 1315 2969 .coepi

173 2995 351 3067 transferre
380 2980 529 3108 lelixff)
544 3041 756 3064 .........
776 2994 1085 3067 Moocexxvss
1106 3018 1201 3087 quom
1223 2993 1314 3089 (sic)

173 3120 290 3186 aetatis
304 3136 395 3184 meac
408 3137 526 3186 annum
541 3161 774 3184 ..........
789 3121 948 3208 gesimum
961 3119 1106 3206 primum.
1154 3116 1311 3184 Domitius

173 3219 243 3307 τῇ
229 3226 339 3286 εαυτοῦ
350 3223 449 3306 χειρί(
452 3217 699 3311 ‘(Punctuhs
718 3225 830 3287 notata
848 3224 922 3287 sunt
941 3215 1090 3310 ambigua
1109 3220 1163 3286 vel
1187 3221 1312 3287 omnino

64 3374 68 3379 .
174 3316 324 3410 detrita).
377 3316 530 3410 Sequitur
542 3320 580 3386 ab
595 3321 659 3388 alia
673 3343 785 3388 manu·
812 3320 945 3412 „Hic
919 3342 988 3388 sme
1008 3320 1101 3389 dubio
1123 3319 1182 3388 luit
1195 3320 1313 3388 Domi-

173 3425 238 3494 tius
258 3420 450 3493 catherinus
478 3424 566 3490 cuius
593 3422 690 3491 valde
714 3423 888 3492 honorifica
911 3424 1030 3491 mentio
1056 3423 1126 3491 tit
1116 3445 1148 3489 m
1168 3424 1250 3512 epist
1237 3423 1312 3490 tolis

100 3502 104 3515 ’
175 3526 264 3618 Ang.
278 3526 429 3594 Politiani
451 3546 471 3590 a
487 3524 568 3592 Luc.
590 3524 782 3614 Phosphoro
801 3527 895 3617 epist.
910 3524 969 3593 10.
988 3526 1043 3592 lib.
1058 3527 1093 3593 3.
1145 3524 1230 3592 Vide
1243 3524 1312 3592 itid.

176 3627 333 3697 Abbatem
358 3626 516 3694 'l'rithem
543 3629 575 3693 in
602 3630 749 3716 scriptor.
775 3630 953 3696 ecclesiast.
1007 3627 1091 3697 obiit
1119 3625 1311 3698 Galderinus

170 3744 262 3799 'anno
276 3726 398 3798 Christi
413 3725 548 3797 14775ι
581 3730 683 3797 Tum:
710 3728 783 3820 „hh
796 3731 918 3800 Anton.
932 3727 1112 3800 Sabellicus
1124 3733 1156 3796 in
1168 3730 1311 3816 Dialogo

55 3876 58 3880 »
178 3832 219 3900 tle
240 3831 339 3920 Ling.
358 3829 415 3897 lat.
434 3832 653 3921 reparatione:
680 3828 843 3923 Coeperat
862 3833 904 3899 ad
918 3834 997 3900 haec
1010 3834 1168 3900 Domitius
1181 3829 1311 3896 Pausa-⁴

93 3982 96 3987 ψ
177 3936 264 4004 niam
282 3935 313 3999 in
334 3932 467 4001 latinum
478 3939 605 4001 vertere
617 3955 711 4023 quum
723 3937 891 4003 immatura
901 3942 953 4002 est
964 3941 1067 4002 morte
1079 3924 1311 4023 praeventus.“

37 4053 40 4059 '
177 4033 335 4106 codicem
351 4056 501 4126 perquam
520 4037 689 4126 eleganter
707 4037 857 4126 scriptum
869 4039 1030 4123 integrum
1044 4035 1244 4102 contulimus.
1260 4028 1309 4078 -“-

179 4136 297 4207 Mirum
310 4135 408 4205 uteri
420 4141 523 4228 possit
535 4159 555 4204 a
566 4140 693 4205 nemine
706 4136 810 4204 adhuc
822 4136 1011 4203 emendandi
1022 4135 1201 4213 Pausaniae
1213 4153 1311 4201 causa

176 4243 335 4333 inspectos
356 4248 430 4310 esse
448 4240 575 4309 codices
593 4237 844 4330 Lugdunenses.
892 4239 1038 4310 Fuemnt
1051 4239 1127 4310 olim
1138 4240 1171 4306 in
1182 4236 1309 4305 Biblio-
