2872 4846
201 232 266 301 48⁸
603 223 892 293 AAKuNJKA

204 392 438 494 ἐπανόρθωμα
468 397 620 493 Ιἐγένετο,
659 392 706 490 μὴ
736 381 811 466 τάῖ
841 387 953 465 πάντα
980 415 1020 482 με
1050 388 1179 485 ἑφεξῆς
1205 384 1255 460 τά
1285 389 1330 461 δέ

207 499 353 596 μάλιστα
377 498 454 588 άξια
480 495 616 594 μνήμης
639 492 880 587 ἐπιλεξάμενον
911 487 964 565 άιί
997 488 1115 564 αὐτῶν
1129 495 1328 588 εἰρηκέναι,

204 600 349 701 δηλώσω
365 599 409 698 δὴ
423 599 493 696 πρό
516 608 584 678 τοῦ
606 596 718 696 λόγου
734 605 801 671 τοῦ
825 603 860 685 ές
877 590 1114 687 Σπαρτιάτας·
1148 597 1230 687 ipat
1256 590 1329 690 γὰρ

205 707 242 796 ἐξ
274 700 383 801 ἀρχῆς
409 701 579 800 ἠθέλησεν
608 699 628 773 ὁ
657 700 761 797 λόγος
784 697 852 773 άπὸ
877 702 1017 772 πολλῶν
1039 701 1096 770 καλ
1122 693 1190 769 οὐκ
1213 693 1330 785 ἀξίων

206 805 457 905 ἀφηγήσεως,8
480 797 529 880 ὧν
546 808 683 878 έκασιοι
697 800 791 898 παρά
810 808 912 897 σφίσι
933 804 1112 895 λέγουσιν,
1134 796 1330 894 άποκρλναι

207 908 252 986 τὰ
280 904 542 1005 ἀξιολογώτατα.
594 904 642 994 ὡς
670 895 738 980 οὖν
760 894 801 979 εὖ
832 908 1109 1000 βεβουλευμένος
1132 898 1200 976 οὐκ
1230 907 1331 976 ἔστιν

175 1009 309 1087 κόπου
331 1008 586 1108 παραβήσομαι.
632 1014 690 1102 (λ)
717 1009 998 1100 Λακεδαιμονίων
1018 1005 1127 1094 τοῖς4
1153 1001 1330 1102 Σπάρτην

212 1120 354 1211 ἔχουσίν
375 1119 467 1187 ἐστιν
492 1109 602 1207 άγορά
620 1115 709 1201 θέας
727 1108 804 1200 άξία
826 1114 885 1183 καλ
904 1112 968 1205 τῆς
981 1132 1016 1180 τε
1036 1114 1223 1204 γερουσίας
1238 1112 1330 1202 βου-

212 1213 395 1312 λευτήριον
424 1219 573 1287 καὶτῶν
597 1210 738 1308 ἐφόρων
757 1217 814 1286 καλ
837 1207 1098 1307 νομοφυλάκων
1124 1213 1209 1307 [καὶ]
1222 1211 1250 1258 5'
1266 1239 1329 1282 κα-

152 1360 155 1365 ·
212 1321 395 1410 λυομένων
417 1322 582 1390 Βιδιαίων
605 1311 722 1412 ἀρχεῖά
746 1321 838 1390 ἐστιν
862 1318 916 1386 έπλ
940 1321 1003 1408 τῆς
1024 1309 1163 1407 ἀγορᾶς.
1214 1309 1330 1408 ἡμὲν

214 1415 258 1514 ’δὴ
290 1424 458 1515 γερουσία
486 1422 671 1512 συνέδριον
697 1419 985 1509 Λακεδαιμονίοις
1015 1411 1234 1509 κυριώτατον
1264 1421 1331 1510 τῆς

214 1527 408 1612 πολιτείας,
435 1527 472 1593 ολ
493 1524 614 1593 λοιποὶ
635 1524 673 1592 δέ
697 1528 781 1594 εἰσιν
804 1517 976 1614 ἄρχοντες.
1018 1533 1093 1604 τοῖς
1114 1520 1152 1589 δὲ
1176 1512 1332 1613 ἐφόροις

214 1627 273 1696 καλ
295 1629 467 1712 Βιδιαίοις
494 1627 592 1695 πέντε
626 1619 779 1719 άριδμόν
806 1624 980 1715 ἑκατέροις
1005 1607 1133 1710 οὖσα(ἱ
1168 1634 1246 1708 τοῖς
1267 1622 1332 1712 μέν

216 1721 305 1816 τούς
322 1730 377 1801 έπλ
396 1732 445 1826 τῷ
464 1730 684 1822 Πλατανιστᾷ
706 1728 908 1823 καλουμένῳ
928 1725 986 1794 καί
1009 1719 1139 1811 ἄλλους
1154 1728 1224 1795 τῶν
1242 1717 1332 1819 ἐφή-

158 1996 160 2003 .
220 1939 322 1988 autem
339 1929 373 1985 in
387 1931 488 1987 Attica
509 1927 633 1988 historia
655 1929 812 2006 professus
835 1947 922 2001 sum,
947 1948 998 2002 me
1019 1948 1081 1987 non
1106 1927 1207 1985 omnia
1222 1947 1333 2005 perse-

221 2024 379 2086 cuturum,
407 2014 461 2071 sed
475 2013 579 2072 habito
597 2013 716 2070 delectu
732 2031 767 2069 ea
782 2011 947 2088 duntaxat,
978 2032 1055 2092 quae
1072 2015 1219 2069 memoria
1236 2011 1334 2090 digna

222 2100 290 2158 visa
312 2108 432 2172 essent,
460 2100 556 2156 literis
576 2097 806 2156 mandaturum:
839 2096 924 2154 idem
946 2118 1026 2154 nuuc
1047 2096 1139 2171 mihi,
1164 2106 1335 2176 antequam

223 2181 262 2240 ad
282 2201 386 2240 eorrnn
407 2202 484 2262 quae
508 2181 545 2240 de
562 2185 670 2263 Sparta
698 2179 825 2238 dicenda
846 2192 917 2239 sunt
936 2184 1255 2241 commemorationem
1276 2202 1334 2260 ag-

223 2264 359 2345 gredior,
385 2266 609 2344 profitendum:
631 2265 782 2347 siquidem
801 2266 932 2325 instituti
952 2266 1050 2345 operis
1073 2266 1159 2325 initio
1178 2287 1195 2322 e
1213 2268 1334 2341 multis,

223 2368 301 2430 quae
320 2354 426 2429 populi
443 2353 503 2430 ipsi
516 2351 554 2408 de
571 2373 604 2410 se
621 2354 704 2409 fama
724 2352 903 2429 vulgarunt,
927 2371 962 2408 ea
976 2349 1053 2408 nrihi
1070 2349 1227 2428 seligenda
1243 2349 1334 2426 duxi,

223 2444 302 2514 quae
316 2437 453 2493 maxime
473 2446 642 2495 memoratu
663 2435 757 2513 digna
772 2437 837 2494 visa
854 2447 974 2495 essent:
1000 2437 1084 2493 cuius
1100 2446 1180 2493 certe
1203 2437 1335 2494 minimo

223 2519 415 2597 improbandi
433 2522 569 2596 consilii,
598 2519 677 2578 nihil
694 2520 829 2597 profecto
846 2530 906 2594 est,
930 2521 1128 2600 quamobrem
1142 2521 1217 2579 fines
1231 2532 1337 2580 trans·

224 2602 354 2683 grediar.
398 2605 444 2686 (2)
464 2605 555 2684 Apud
569 2604 843 2678 Lacedaemonios,
867 2607 919 2684 qui
938 2606 1078 2683 Spartam
1092 2615 1205 2680 tenent,
1230 2606 1335 2684 digna,

224 2707 302 2768 quae
315 2699 497 2767 spectentur,
519 2698 600 2748 sunt.
643 2691 756 2747 Forum
773 2692 924 2767 primmn:
946 2693 978 2745 in
994 2711 1028 2749 eo
1044 2693 1135 2764 curia,
1154 2688 1217 2769 'quo
1232 2694 1337 2749 senio·

226 2793 295 2832 rum
317 2772 390 2832 ordo
403 2775 457 2830 ille
473 2775 630 2846 convenit,
655 2792 747 2853 quam
763 2775 822 2852 ipsi
841 2775 986 2831 Gerusian
1002 2784 1124 2832 vocant:
1142 2773 1338 2853 Ephororum

226 2854 351 2931 deinde,
382 2867 412 2913 et
431 2855 711 2935 Nomophylacum‚
742 2857 784 2934 [et
798 2859 942 2935 eorum,]
969 2861 1022 2937 qui
1039 2859 1156 2916 Bidiaei
1173 2861 1338 2938 ,appellan-

224 2951 292 3012 tur,
315 2941 469 2999 basilicae.
513 2944 557 2996 Ac
574 2943 701 3013 Gerusia
722 2940 847 3019 quidem
865 2962 1023 3001 consessus
1040 2954 1099 3018 est,
1129 2965 1222 3022 penes
1243 2964 1338 3024 quem

227 3020 308 3102 apud
330 3021 586 3082 Lacedaemonios
610 3044 730 3082 summa
746 3028 842 3084 civilis
864 3025 1129 3086 administrationis
1144 3039 1189 3086 est
1203 3033 1339 3088 auctori-

225 3118 290 3182 tas,
317 3109 428 3188 reliqui
440 3127 511 3167 vero
527 3119 597 3166 sunt
613 3118 643 3165 et
660 3108 800 3168 dicuntur
814 3108 991 3170 Archontes.
1034 3111 1149 3191 Ephori
1169 3123 1199 3169 et
1217 3113 1339 3172 Bidiaei

226 3193 421 3270 magistratus
442 3204 529 3266 sunt,
560 3195 645 3273 quini
665 3198 795 3274 utrique.
837 3199 937 3273 Atque
951 3198 1029 3254 inter
1049 3195 1105 3255 hos
1124 3195 1242 3254 Bidiaei
1264 3201 1339 3277 qui·

228 3275 300 3334 dem
319 3279 352 3334 in
374 3280 542 3337 Platanista
569 3289 637 3336 tum
659 3281 718 3337 alia
741 3291 809 3338 tum
830 3278 1016 3358 epheborum
1035 3282 1199 3339 certamina
1217 3294 1337 3341 curant.

170 3507 173 3511 .
262 3458 289 3513 2.
307 3451 345 3510 τοὶ
362 3459 476 3513 oraha.
494 3451 661 3527 ίωωέφεξῆς
677 3454 713 3512 τά
733 3453 767 3513 δὲ
801 3459 902 3513 Herod.
915 3460 967 3528 VI,
986 3463 1047 3529 57„
1070 3462 1194 3517 Bidiaeos
1212 3470 1241 3517 et
1252 3480 1340 3533 νομο-

226 3520 294 3594 μιίλ.
305 3526 389 3578 BPc?
412 3520 459 3593 έω.
472 3521 541 3579 ἄλλά
563 3522 598 3579 τά
615 3524 679 3595 μάλ.
693 3529 765 3581 Edd.
802 3525 931 3596 φύλακας
948 3531 1053 3583 eosdem
1066 3550 1123 3584 esse
1142 3534 1247 3601 dicens,
1267 3535 1340 3586 unde

227 3593 286 3646 rell.
304 3587 350 3661 έφ.
363 3589 481 3661 μάλιστα
493 3594 692 3662 AgVabMLab.
711 3605 767 3649 turn
801 3615 848 3650 nos
862 3615 919 3649 cum
931 3598 961 3650 S.
976 3598 1051 3651 uncis
1062 3601 1224 3654 inclusimus.

228 3654 419 3730 ἐπιλεξάμενοι
435 3662 486 3715 Va.
834 3667 861 3718 6.
883 3655 961 3718 οὖσιν
971 3667 1067 3736 virg.
1090 3678 1145 3723 tum
1158 3672 1219 3728 τοῖς
1235 3664 1291 3737 μὴν
1303 3671 1338 3724 0.

262 3746 290 3798 3,
309 3739 474 3812 ἅφηγήσεως
486 3747 562 3816 CSB,
581 3752 612 3801 ut
622 3746 648 3799 Κ
660 3751 687 3799 ες
697 3747 765 3800 por,
800 3724 847 3785 έπλ
857 3734 898 3816 cpi
909 3737 1340 3806 πλατανιιτᾷ(ιιλατανίσταλία;

228 3831 288 3866 εοιι.
307 3814 484 3866 coniecerunt.
514 3810 683 3883 ἄφηγήαεων
693 3816 766 3869 Edd.
799 3804 973 3855 πλαῑανωῐα
981 3806 1035 3873 Lb)
1048 3803 1210 3874 καλουμένῳ
1223 3808 1340 3872 (καίων

229 3881 288 3935 rell.
302 3882 389 3937 codd.
409 3870 448 3933 ὧν
461 3877 480 3933 ἃ
494 3879 604 3936 ἕκαστοι
616 3883 768 3952 PcAgVaM
799 3866 945 3952 WQM)
964 3873 1076 3954 osmi,
1093 3876 1137 3929 ΒΡ
1139 3875 1339 3943 chAgVssleb·

231 3950 283 4002 Lb.
301 3944 455 4032 ἀποκρίνας
468 3952 542 4018 vab-3
574 3946 768 4022 ἀποκρίναντα
802 3931 848 3991 tat
864 3957 903 4008 τῳ
922 3934 957 3993 τά
979 3942 1158 3996 Πλατανιστα
1178 3939 1341 4011 καλούμενα

231 4017 282 4069 La·
301 4035 362 4071 mox
374 4035 404 4072 εν
417 4035 468 4072 om.
481 4020 533 4074 Va.
800 4002 1075 4128 (nuicopa'voLaVb)
1088 4012 1158 4063 Edd.
1170 4013 1229 4064 rell.
1243 4011 1339 4065 Vbha.

265 4099 293 4153 4,
313 4096 366 4171 τὴν
378 4103 427 4158 pc,
800 4079 862 4136 ,τοῖς
882 4093 935 4160 pv
957 4074 993 4130 τά
1024 4073 1071 4131 tet
1095 4080 1136 4148 τῷ
1160 4082 1341 4152 Πλατανιστᾷ

801 4146 960 4212 καλουμενα
965 4147 1023 4200 vult
1028 4147 1130 4200 Osann.
1138 4150 1243 4220 Syllog.
1252 4150 1339 4202 Inscr.

267 4203 294 4259 5.
310 4200 365 4256 καλ
376 4204 513 4263 delendum
526 4212 618 4264 censet
627 4207 721 4263 Valck.
734 4207 769 4262 ed
802 4230 832 4281 p.
845 4213 906 4268 254.
