2872 4846
514 256 924 323 PRAEFATIO.
1243 258 1288 316 Xl

152 456 230 506 vcro
243 434 451 505 fundamenta
461 437 568 504 iacere
581 437 701 527 primus
713 454 894 527 aggressus
907 439 958 502 est
968 432 1030 501 lm.
1042 430 1193 500 Bekker.
1221 429 1288 498 Vi-

153 541 199 608 dit
219 542 303 608 cnim
322 542 371 608 vir
389 542 619 633 sagacissimus
632 545 664 608 et
677 538 877 608 doctissimus
890 538 931 604 ‹le
944 539 1072 628 integro
1086 534 1176 624 quasi
1187 540 1289 602 totam

153 646 237 711 lianc
259 664 329 711 rem
349 645 406 711 sub
431 665 560 713 censum
582 663 656 710 esse
667 643 882 711 revocandam
895 648 927 710 et
938 661 1017 732 prae
1031 639 1174 708 omuibus
1185 637 1290 704 solida

153 748 298 815 iacienda
318 768 392 814 esse
414 747 619 816 fundamenta
632 752 803 835 antequam
814 766 899 814 nova
913 744 1090 834 recognitio
1103 763 1174 810 cum
1186 739 1292 808 fructu

154 853 275 920 institui
288 853 412 942 possit,
451 870 549 939 quare
570 849 711 919 codicem
723 848 903 917 Parisinum
918 846 1018 916 1410
1031 846 1137 938 (apud
1151 864 1210 911 nos
1222 838 1292 933 Pc]
1373 928 1379 938 Ι

155 959 200 1023 ita
221 944 384 1045 expressit
409 959 469 1043 „ut
488 955 610 1022 nullum
629 954 668 1021 ab
691 974 731 1022 co
753 955 928 1043 vestigimu
950 953 1012 1017 nisi
1033 952 1152 1018 monito
1170 948 1293 1016 lectore

155 1053 324 1126 recedat.“
376 1056 473 1123 'l’alia
499 1060 550 1146 qui
576 1059 739 1149 promisit,
776 1059 827 1145 qui
848 1059 881 1123 in
900 1052 1155 1145 praefatiuncula
1173 1053 1294 1140 aliquot

154 1163 312 1229 linearum
325 1161 430 1231 locum
450 1166 559 1251 aptum
575 1159 829 1251 reprehendendi
843 1157 998 1229 Olavierii
1011 1158 1050 1226 ob
1062 1156 1155 1224 iidem
1167 1161 1201 1223 et
1212 1154 1295 1222 reli-

155 1267 287 1356 gionem
307 1267 391 1331 circa
410 1264 524 1332 literas
542 1265 726 1356 neglectam
744 1265 804 1334 sibi
825 1265 986 1331 invenisse
1007 1263 1096 1333 visus
1116 1265 1167 1330 est
1183 1255 1240 1350 ⁸),
1266 1259 1295 1324 is

157 1368 244 1442 hand
264 1367 357 1437 dubie
374 1369 563 1458 scrupulosa
584 1367 718 1457 quadam
737 1367 895 1459 religione
915 1369 948 1433 in
961 1386 1059 1458 opere
1074 1386 1135 1432 suo
1146 1362 1317 1431 versati--

158 1479 222 1541 tur.
246 1470 293 1540 At
305 1477 339 1541 et
352 1493 412 1540 nos
426 1471 572 1540 dolemus
584 1470 773 1546 Bckkerum
785 1474 977 1566 promissam
993 1470 1076 1538 hanc
1087 1467 1180 1538 fidem
1192 1468 1298 1535 minus

158 1577 371 1643 necessariam
382 1572 528 1645 duxisse.
577 1575 629 1648 De
648 1580 828 1671 ingentibus
840 1574 988 1647 Bekkeri
1006 1577 1038 1643 in
1050 1573 1162 1642 literas
1174 1571 1297 1639 meritis

158 1700 222 1748 non
241 1686 292 1748 cst
311 1680 395 1770 quod
408 1680 567 1770 dicamus,
594 1681 688 1774 lippis
702 1703 743 1749 ea
755 1689 833 1750 nota
845 1687 919 1750 sunt
931 1688 1025 1769 atque
1038 1679 1217 1767 tironibus,
1241 1678 1298 1745 et·

157 1786 220 1851 iam
240 1782 420 1852 Pausanias
445 1791 556 1854 noster
582 1787 756 1854 innumeris
783 1789 816 1853 in
841 1785 922 1855 locis
941 1785 1003 1850 liae
1022 1782 1161 1851 editione
1180 1780 1298 1871 partim
1372 1866 1375 1871 Ι

157 1886 275 1956 codicis
287 1888 435 1978 expressi
448 1893 586 1981 virtute,
612 1892 728 1981 partim
742 1889 1008 1981 ingeniosissimis
1022 1882 1154 1955 editoris
1168 1890 1200 1952 ct
1213 1883 1298 1949 ami-

158 2012 268 2059 corum
279 1994 467 2059 coniecturis
482 1999 532 2061 est
544 1992 744 2084 emendatus,
763 2014 828 2061 non
841 2014 915 2061 raro
929 1994 1141 2059 restauratus.
1174 1986 1221 2054 At
1233 2004 1299 2053 non

157 2087 327 2183 possumus
347 2115 412 2162 non
433 2096 671 2188 reprehendere
692 2098 822 2163 nimiam
844 2094 1001 2185 quandam
1013 2095 1074 2160 viri
1087 2088 1299 2183 sagacissimi,

160 2197 211 2282 qui
227 2197 342 2284 procul
361 2195 453 2265 dubio
473 2201 546 2289 plus
566 2200 698 2269 daturus
719 2205 807 2267 esset
824 2200 969 2266 siminus
983 2192 1096 2286 daret,
1121 2194 1300 2281 levitatem,

159 2295 399 2365 festinationem
412 2304 445 2366 et
458 2299 631 2392 (lugentes
643 2297 812 2392 addimus)
824 2302 1032 2392 iniquitatem.
1085 2297 1178 2384 Quae
1190 2295 1301 2363 crimi-

159 2404 246 2468 natio
265 2422 307 2469 ne
329 2404 402 2492 ipsa
421 2403 504 2470 levis
525 2411 559 2472 et
579 2406 967 2496 iniquavideatorpaucis
979 2406 1039 2472 erit
1054 2396 1301 2490 comprobanda.

158 2501 301 2571 Primum
327 2504 453 2593 quidem
479 2526 573 2594 quum
599 2506 746 2576 Bckkeri
774 2509 924 2599 religioni
949 2511 981 2574 in
1010 2501 1219 2595 exprimendo
1245 2500 1302 2568 illo

160 2606 268 2674 codice
288 2628 352 2675 non
374 2610 443 2674 sine
463 2610 589 2676 ratione
608 2607 723 2701 diffisi,
746 2606 864 2676 multos
882 2609 955 2675 libri
973 2607 1180 2703 manuscripti
1199 2605 1303 2697 locos,

160 2712 350 2798 praesertim
370 2712 402 2776 in
421 2717 515 2799 parte
534 2712 641 2801 operis
661 2715 842 2803 posteriore
860 2713 916 2778 vel
936 2714 997 2802 ipsi
1016 2710 1120 2788 denuo
1134 2704 1304 2779 conferre-

160 2834 230 2878 mus
245 2812 351 2878 veleb
365 2813 465 2881 amico
479 2811 692 2883 conferendos
706 2835 904 2906 curaremus,
923 2816 1008 2884 illico
1023 2815 1170 2905 apparuit
1184 2812 1305 2882 editio-

160 2934 234 2980 nem
254 2936 318 2982 non
338 2914 406 2981 ta'm
420 2916 574 3005 religiose
589 2916 707 2984 codicis
720 2919 861 3007 vestigia
876 2939 1022 3007 premere
1038 2939 1132 3009 quam
1144 2915 1304 3016 praefatio

160 3015 347 3106 profitetur,
374 3023 469 3106 atque
483 3016 565 3087 hacc
578 3020 698 3086 incuria
709 3041 774 3088 non
787 3021 871 3089 circa
884 3023 991 3110 apices
1005 3027 1128 3089 tantum
1140 3020 1306 3104 literarum

161 3119 304 3208 aliasque
326 3119 482 3189 eiusmodi
504 3123 652 3196 minutias
671 3127 833 3211 versatur,
860 3122 918 3189 sed
931 3126 1118 3215 saepissime
1132 3145 1185 3190 res
1199 3126 1306 3191 maio-

162 3223 219 3312 nis,
244 3224 307 3315 imo
328 3226 460 3290 maximi
476 3227 629 3293 momenti
649 3225 955 3316 praetermittuntur,
980 3246 1046 3294 non
1059 3247 1134 3293 raro
1149 3225 1235 3296 falsa
1246 3247 1305 3296 re-

162 3320 319 3415 feruntur,
344 3327 429 3394 uncle
443 3326 538 3395 facile
550 3331 774 3418 perspeximus
788 3347 833 3393 ex
844 3326 984 3394 editione
996 3326 1144 3395 Bellieni
1159 3328 1199 3397 dc
1212 3330 1306 3401 eodie

162 3429 207 3499 cis
222 3428 359 3507 lectione
381 3437 458 3496 tuto
478 3429 622 3498 concludi
643 3453 707 3499 non
726 3450 837 3522 posse,
862 3431 988 3499 silentio
1010 3432 1079 3496 eius
1102 3429 1182 3495 nihil
1200 3435 1306 3521 utiquc

162 3532 301 3619 probari.
322 3531 434 3601 ‘Locos
448 3534 572 3601 anobis
588 3533 692 3602 denuo
706 3536 737 3600 in
754 3532 862 3601 codice
874 3520 1138 3602 Parisino'1410
1153 3552 1307 3602 excussos

163 3636 318 3702 asterisco
331 3628 663 3728 notavimusy(Pc*),
688 3636 774 3705 unde
795 3634 890 3704 facile
910 3658 1043 3727 quorum
1063 3639 1215 3728 interest,
1235 3636 1308 3704 col-

161 3736 284 3804 latione
298 3734 383 3804 facta
398 3760 468 3805 cum
481 3738 533 3805 ed.
546 3738 671 3831 Beck,
691 3740 897 3831 perspicient,
916 3741 1063 3807 iniuriam
1075 3760 1095 3805 a
1107 3741 1197 3808 nobis
1212 3738 1309 3808 Bek-

163 3838 246 3911 kero
267 3860 332 3906 non
351 3839 431 3906 lieri.
490 3841 674 3910 Levitatem
694 3864 791 3933 porro
816 3848 849 3911 et
872 3841 1111 3912 festinationem
1129 3843 1161 3910 in
1184 3863 1224 3912 eo
1246 3842 1310 3911 ‹le-

163 3940 390 4031 prehendimus
407 3941 489 4031 quod
506 3945 539 4011 in
551 3950 642 4013 tanta
656 3952 802 4014 unarum
816 3946 997 4014 criticorum
1010 3947 1151 4040 margini
1164 3946 1310 4018 infcriori

202 4200 208 4208 '
234 4209 263 4274 a)
282 4207 468 4278 „Clavigerum
486 4210 612 4281 denique,
627 4229 705 4283 quem
724 4214 752 4266 in
768 4216 827 4268 foro
843 4213 1011 4267 sanctissime
1024 4215 1112 4285 comit,
1130 4216 1207 4270 fidem
1222 4225 1250 4273 et
1265 4237 1309 4274 re-

163 4274 288 4350 ligionem
306 4278 377 4334 circa
395 4279 498 4337 litteras
516 4281 632 4339 dommus
649 4283 736 4338 minos
750 4285 926 4338 semunciam
943 4283 1082 4338 duxisse.“

797 4386 869 4503 Ἄ
