2872 4846
622 334 916 400 AAuuMKA

565 588 818 664 CAPUT
876 589 971 659 XVI.

214 761 255 814 De
273 759 369 829 templo
388 775 420 812 ac
437 757 520 825 signis
538 755 657 810 Hilairaa
676 764 703 811 et
718 758 856 822 Phoebes,
873 770 1014 822 earumque
1032 749 1244 820 sacerdotibus,
1266 768 1339 821 quae

300 842 478 915 Leucippidas
504 839 627 895 dicuntur
652 872 686 882 -
712 861 778 910 oro,
813 841 885 910 quod
903 840 977 893 Leda
997 838 1117 910 peperit,
1143 837 1187 891 ibi
1212 848 1335 905 serrato,

302 939 382 998 atque
398 929 519 983 aedilicio
539 928 653 981 Chilone
669 958 705 968 —
723 929 799 981 domo
817 926 941 994 Tyndari
959 924 1073 979 filiorum
1095 923 1244 976 -herois
1265 941 1334 976 non·
1372 964 1378 978 .

302 1015 379 1068 nullis
399 1022 425 1067 et
441 1014 564 1068 Herculis
582 1013 653 1066 lucta
671 1032 729 1067 curn
747 1015 838 1082 Eryce
856 1041 892 1052 -
911 1010 1030 1081 Lycurgi
1047 1004 1213 1078 legislatoris
1229 1009 1332 1078 templo

299 1108 327 1154 et
344 1100 471 1168 sepulcris
488 1099 643 1169 quibusdam
665 1130 698 1142 -
720 1100 781 1152 vico
799 1097 940 1164 Limnaeo,
969 1097 1067 1166 templo
1084 1094 1195 1148 Dianae
1213 1094 1331 1147 Orthiae

298 1204 330 1241 ac
348 1185 425 1253 signo
439 1185 541 1237 Dianae
563 1184 747 1240 Tauricae-
767 1185 869 1238 Dianae
889 1183 959 1236 cultu
978 1181 1124 1251 sanguineo
1142 1188 1172 1234 et
1196 1181 1328 1251 puberum

297 1270 454 1324 Lacedaem.
470 1270 659 1340 flagellatione.
1231 1268 1235 1273 ’

284 1431 443 1524 Πλησίον
473 1427 512 1499 (il
529 1422 693 1521 Ἱλαείρας
714 1428 771 1497 καὶ
796 1430 930 1520 Φοίβης
953 1425 1043 1496 ἐστίν
1064 1417 1177 1517 ίερόν·
1215 1417 1236 1493 ὁ
1260 1419 1322 1494 δὲ]

208 1525 358 1628 ποιήσας
380 1526 424 1602 τὰ
442 1534 504 1624 ἔπη
529 1525 571 1602 τοί
595 1527 739 1623 Κύπρια
766 1532 963 1622 θυγατέρας
978 1521 1087 1612 αὐτὰς
1104 1518 1325 1611 Ἀπόλλωνός

207 1652 318 1730 φησιν
340 1632 434 1705 εἶναι.
486 1627 588 1726 κόραι
607 1632 645 1702 δὲ
667 1635 823 1725 ἱερῶνταί
847 1647 969 1725 σφισιν
990 1632 1161 1722 παρθένοι
1189 1622 1322 1699 καλού-

139 1764 308 1830 μςημεναι
326 1731 413 1808 κατὰ
430 1728 539 1807 καύτοί
556 1747 631 1819 ταῖς
656 1741 756 1820 θεαῖς
783 1735 840 1804 καί
869 1720 973 1805 αὗται
995 1733 1241 1817 Λευκιππίδες.
1279 1725 1319 1801 τό

209 1841 271 1931 μέν
294 1833 337 1934 δή
360 1841 476 1931 ἕτερον
497 1843 567 1908 τῶν
588 1831 790 1931 ἀγαλμάτων
814 1838 1023 1930 ἱερασαμένη
1046 1863 1100 1922 τις
1123 1848 1201 1920 ταῖς
1216 1840 1321 1920 θεαῖς

206 1943 400 2026 Λευκιππὶς
437 1934 646 2034 ἐπεκόσμησε
699 1933 892 2032 πρόσωπον
934 1932 1007 2010 ἀντὶ
1049 1943 1115 2009 τοῦ
1165 1930 1319 2030 ἀρχαίου

205 2045 419 2139 ποιησαμένη
451 2047 514 2136 τῆς
535 2036 589 2136 ἐφ’
615 2037 713 2136 ἡμῶν
734 2043 871 2135 τέχνης·
920 2035 961 2113 τό
984 2041 1022 2112 (li
1045 2034 1232 2134 ἕτεραιμὴ
1258 2042 1319 2110 καί

204 2154 313 2219 τοῦτο
336 2142 557 2236 έπικοσμεῖνῖ
573 2138 684 2239 αὐτήν
700 2137 840 2216 ιἰπεῖπεν
853 2140 999 2239 ὄνειρον.
1052 2147 1108 2237 (2)
1127 2137 1318 2215 Ἐνταῦθα

204 2245 395 2344 ἀπήρτηται
410 2242 481 2320 cisio
497 2252 564 2319 τοῦ
581 2241 728 2342 ὀρόφου
746 2247 1012 2343 κατειλημένον3
1030 2250 1194 2333 ταινίαις·
1227 2243 1317 2318 εἶναι

168 2353 244 2433 υθέ
264 2368 374 2447 φασιν
400 2344 471 2422 οἷόν
500 2352 608 2424 έκεῖνο
636 2344 657 2423 ὃ
681 2363 787 2422 τεκεῖν
809 2346 930 2446 Λήδαν
955 2352 1020 2444 ἔχει
1044 2344 1159 2442 λόγος.
1203 2345 1314 2444 ὑφαί-

201 2452 308 2527 νουσι
332 2453 370 2526 δὲ
386 2448 499 2524 κατὰ4
517 2456 595 2541 ἔτος
614 2459 652 2525 αἱ
661 2468 822 2545 γυναῖκες
834 2459 882 2548 τῷ
895 2447 1077 2526 ’Λπόλλωνι
1092 2457 1223 2548 χιτῶνα
1238 2450 1314 2548 cpi⁵

202 2559 240 2630 έν
265 2551 443 2649 ’Λμόκλαις
478 2557 536 2628 καί
565 2550 632 2628 τό(ἱ
671 2561 797 2650 οἴκημα
830 2559 916 2628 ένθα
947 2552 1145 2651 ὑφαίνουσι
1170 2558 1314 2627 Χιτῶνα

265 2765 339 2822 cnr.
367 2764 447 2821 XVI.
504 2764 646 2820 Proxime
682 2774 728 2822 est
752 2764 884 2822 Hilairae
918 2773 947 2820 et
972 2761 1109 2821 Phoebes
1137 2760 1311 2821 delubrum.

199 2848 261 2905 Eas
277 2848 427 2928 Apollinis
443 2847 538 2904 fuisse
560 2848 638 2906 filias
657 2850 835 2929 Cypriorum
856 2851 1026 2906 carminum
1040 2859 1144 2906 auctor
1161 2849 1310 2926 scriptum

198 2934 331 3010 reliquit.
375 2929 552 2988 Sacerdotes
577 2953 680 2990 earum
701 2945 772 2992 suut
792 2936 941 3012 virgines,
983 2954 1059 3013 quae
1078 2933 1207 3007 eodem,
1247 2951 1310 3011 quo

198 3014 291 3090 deae,
330 3016 453 3072 nomine
473 3016 673 3095 Leucippidas
704 3021 906 3097 appellantur.
945 3022 994 3076 -Et
1022 3022 1152 3076 alterum
1180 3017 1309 3096 quidem

197 3102 319 3179 signum
341 3120 436 3180 quum
462 3122 478 3157 e
497 3104 588 3160 sacris
609 3105 775 3181 virginibus
797 3124 857 3161 una
881 3103 1091 3162 exornandum
1114 3106 1307 3182 suscepisset,

196 3207 251 3265 pro
271 3199 372 3245 vetere
394 3187 472 3245 facie
489 3191 624 3266 reposuit
639 3191 746 3264 aliam,
778 3210 813 3248 eo
841 3189 963 3247 artificio
986 3191 1112 3263 factam,
1144 3208 1203 3267 quo
1224 3209 1306 3246 nunc

194 3274 354 3330 simulacra
377 3270 441 3328 fieri
470 3274 578 3331 solent.
626 3273 715 3332 Idem
729 3295 799 3333 vero
824 3276 940 3332 factura
966 3278 1059 3332 etiam
1078 3277 1109 3331 in
1134 3276 1228 3332 altero
1250 3294 1306 3352 per

194 3359 293 3415 visum
314 3359 347 3414 iu
372 3358 474 3436 quiete
496 3356 637 3417 deterrita
663 3371 718 3418 est.
773 3357 822 3439 (2)
854 3362 879 3415 E
904 3363 1011 3438 templi
1033 3361 1168 3416 lacunari
1191 3359 1305 3437 pandet

195 3461 287 3500 orum
310 3443 417 3500 taeniis
439 3445 615 3521 religatum:
645 3444 724 3502 illud
744 3455 1014 3518 commemorant,
1045 3444 1126 3524 quod
1142 3441 1227 3502 Leda
1247 3464 1305 3522 pe-

192 3528 282 3605 perit.
324 3529 471 3584 Intexunt
491 3529 536 3602 ei,
565 3531 617 3608 qui
633 3530 768 3608 Amyclis
795 3540 857 3602 est,
887 3531 1023 3608 Apollini
1048 3529 1208 3609 quotannis
1230 3549 1303 3586 mu-

193 3613 284 3670 lieres
303 3613 455 3670 tunicamz
489 3632 608 3694 quoque
629 3617 771 3672 intexunt
785 3617 870 3690 loco,
899 3635 967 3673 eam
982 3606 1134 3674 officinam
1148 3617 1303 3673 Tunicam

229 3796 308 3848 Cur.
328 3793 404 3847 ΧἯ.
442 3797 467 3849 1.
487 3789 548 3850 ὁδὶ
568 3796 683 3866 angra
713 3791 729 3850 ὁ
762 3791 993 3864 τειλημένωννι.
1020 3794 1238 3865 κατειλημμένον
1250 3796 1298 3849 AX

192 3863 265 3917 Edd.
284 3864 454 3917 rellMVab.
495 3866 559 3918 Mox
577 3883 660 3933 φασιν
679 3867 728 3920 La.
762 3866 896 3919 KFSnin.
913 3868 1051 3931 LchVb3
1077 3861 1300 3935 κατειλημμένων

192 3929 361 4001 καλούμεναι
372 3933 414 3986 bis
423 3933 503 3987 habet
518 3932 568 3986 La.
587 3936 730 3987 λενκίππι-
763 3938 792 4002 (o
807 3954 922 4006 supero
936 3937 978 4002 Μ)
999 3937 1077 3989 MLa.

193 3997 460 4071 ise—iecocoplvry
489 4002 539 4055 Lo.
586 4004 730 4067 λενκίππις
796 4007 823 4058 4.
843 3999 1032 4067 κατοίτόέτος
1046 4007 1095 4057 Va.

192 4068 260 4123 Lab.
797 4073 823 4126 5.
842 4075 898 4126 τῶν
914 4073 1023 4143 AgLab.
1050 4068 1081 4126 έν
1099 4069 1237 4142 sipontum
1256 4073 1298 4141 Ag

89 4154 93 4165 ·
228 4138 255 4191 2.
282 4130 545 4208 ίιιικατειλημμένον
568 4140 619 4210 Ag.
648 4159 728 4194 versu
761 4135 854 4195 Vlea.
871 4145 911 4214 τῷ
928 4161 978 4196 orn.
995 4144 1045 4196 Va.

193 4205 333 4260 interiecto
363 4237 399 4248 —-
425 4214 539 4278 κοσμεῖν
561 4240 593 4248 -
618 4204 727 4278 ὀρόφου
794 4213 820 4264 6.
850 4206 883 4265 cri
913 4231 964 4265 orn.
994 4211 1222 4274 AXKFCVbLa3
1257 4217 1297 4263 est

194 4275 301 4329 omisso.
760 4280 788 4332 in
813 4280 1015 4351 SBAgMPcVa.
1047 4298 1106 4336 rnox
1127 4275 1296 4349 ὑφαίνουσιν

227 4345 254 4399 3.
273 4337 470 4414 κατειλημένον
484 4346 591 4402 canat.
609 4349 643 4402 B.
674 4365 724 4401 κα·
761 4349 811 4418 Ag.
