2872 4846
198 272 263 335 282
580 261 932 329 ΚΟΡΙΝΘΙΑΚΑ

134 410 137 415 ¹
166 462 183 517 3
203 436 242 509 dt
255 431 406 530 ’Ἄρτεμις
431 435 577 528 ἕστηκεν.
631 436 687 525 (3)
712 428 920 504 Ἐσελθοῦσι
934 431 972 504 di
987 426 1007 501 ό
1021 425 1108 515 θεός
1126 431 1218 500 ἐστιν
1239 424 1312 500 οῦκ

199 542 286 632 ἔχων
311 540 438 630 γένεια,
478 541 617 631 χρυσοῦ
645 539 702 606 καὶ
729 537 915 629 ἐλέφαντος
950 527 1151 623 Καλάμιδος
1186 532 1256 626 [ῦέ]
1274 530 1310 578 ¹⁶

93 654 100 665 '
199 634 328 733 ἔργον
356 642 421 735 ἔχει
450 641 487 709 σὲ
516 643 573 713 καί
600 644 775 733 σκῆπτρον
801 638 859 707 καί
888 640 943 706 ἐπὶ
964 641 1026 731 τῆς
1050 637 1168 726 ἑτέρας
1190 629 1312 732 χειρός

197 746 324 829 πίτυος
343 736 478 835 καρπόν
496 748 559 836 τῆς
580 737 725 838 ἡμέρου.
779 741 867 833 φασί
889 741 928 809 σί
945 752 1067 831 σφισιν
1092 737 1128 822 ἐξ
1139 730 1310 808 ’Eridani

198 871 268 939 ρου
307 850 521 939 κομισθῆναι
555 839 618 916 τόν
650 837 738 914 θεόν
763 845 822 913 ἐπὶ
852 836 999 935 ζεύγους
1035 833 1191 933 ἡμιόνων
1223 835 1309 931 deri·

195 974 294 1020 κοντι
315 950 534 1038 εἰκασμένον,
558 941 622 1042 την
645 947 683 1017 δὲ
706 940 904 1040 ἀγαγοῦσαν
925 936 1125 1035 Νικαγόραν
1143 940 1230 1012 εἶναι
1245 946 1308 1012 Σι-

194 1053 348 1123 κυωνίαν
374 1045 608 1142 Ἀγασικλέους
628 1052 774 1144 μητέρα,
801 1060 948 1142 γυναῖκα
966 1047 1004 1116 (λέ
1017 1040 1207 1138 Ἐχετίμου.
1255 1044 1328 1116 ἐνί

196 1158 316 1224 ταῦθα
329 1147 504 1247 ἇγόλματιί
518 1155 609 1223 ἐστιν
626 1148 673 1224 οῦ
688 1147 815 1245 μεγόιλα
828 1145 1047 1244 ἀπηρτημένα
1062 1154 1128 1218 τοῦ
1148 1142 1306 1241 ὀρόφου.

196 1250 259 1350 την
278 1256 315 1326 σὲ
336 1257 391 1326 ἐπὶ
414 1261 462 1350 τῷ
476 1250 639 1349 δράκοντι
652 1248 896 1348 Ἀριστοδάμαν
908 1247 1052 1344 Ἀρότου
1071 1254 1200 1343 μητέρα
1220 1244 1308 1321 είναι

196 1362 337 1484 λέγουσι
354 1356 388 1402 11
413 1360 472 1429 καί
483 1354 624 1450 Ἀρατου
639 1353 846 1452 ἰίσκληπιοῦ
863 1359 971 1425 παῖσα
986 1352 1071 1424 εἶναι
1090 1356 1305 1442 νομίζουσιν.

196 1486 306 1546 ουτος
330 1461 391 1551 μὲν
420 1455 464 1555 (λη
487 1465 664 1554 παρείχετο
696 1456 716 1530 ὃ
743 1463 927 1552 περίβολος
950 1452 1077 1527 τοσάδε
1099 1459 1134 1540 ἐς
1157 1450 1306 1550 μνήμην.

161 1566 254 1656 4(4)
283 1558 334 1633 Λί
356 1556 470 1634 αὐτοῦ
487 1561 521 1609 ¹⁸
556 1564 593 1634 di
616 1559 700 1634 ἄλλο
723 1565 814 1633 ἐστίν
829 1556 1035 1653 Ἀφροδίτης
1052 1553 1160 1650 ίερόυ·
1206 1560 1243 1629 ἐν
1266 1558 1306 1629 σὲ

195 1661 293 1761 αὐτῷ
316 1664 456 1758 πρῶτον
487 1661 620 1758 ἄγαλμά
642 1669 733 1737 ἐστιν
758 1658 952 1757 Ἀντιόπης·
1006 1660 1091 1732 εἶναι
1107 1659 1139 1705 19
1171 1655 1237 1755 γάρ
1269 1664 1308 1731 σί

194 1763 283 1854 τοῦς
315 1774 443 1853 παῖδας
472 1772 696 1855 Σικυωνίους
733 1769 789 1837 καί
822 1759 864 1837 σι’
897 1768 1052 1851 ἐκείνους
1081 1766 1247 1835 ἐθέλουσι
1265 1756 1305 1810 ²⁰

194 1872 251 1940 καλ
275 1863 572 1965 αῦτηνῖίντιόπην
593 1865 780 1966 προσήκειν
805 1864 968 1963 apicum
1004 1860 1086 1959 μετὰ
1108 1862 1304 1961 τοῦτο’ἤση

195 1966 235 2043 τό
260 1978 322 2067 τῆς
339 1967 545 2066 Ἀιγροῦίτης
565 1974 655 2045 ἐστίν
679 1967 782 2066 ιἐρόν.
798 1969 836 2016 ²²
876 1974 986 2043 ἐσίασι
1007 1972 1069 2061 μὲν
1088 1963 1132 2064 (λη
1154 1972 1190 2056 ἐς
1211 1962 1301 2041 αῦτό

192 2228 348 2286 visuntur:
376 2226 454 2287 illud
470 2227 624 2303 sedentis,
645 2225 704 2288 hoc
724 2228 829 2287 stantis
853 2223 968 2285 habitu.
1013 2223 1063 2306 (3)
1084 2229 1240 2304 Ingressus
1253 2224 1307 2303 ip·-

193 2333 262 2370 sum
285 2313 389 2370 videas
416 2316 632 2392 Aesculapium
655 2316 836 2388 imberbem,
874 2332 913 2370 ex
940 2331 1010 2369 auro
1034 2322 1064 2379 et
1087 2313 1176 2369 ebore
1199 2330 1218 2367 a
1241 2310 1303 2367 Ga-

190 2395 303 2455 lamide
320 2400 444 2472 facturn,
461 2399 554 2457 altera
569 2411 729 2480 sceptrum,
744 2401 838 2457 altera
853 2417 924 2456 vero
940 2399 1053 2455 sativae
1066 2399 1156 2474 pinus
1170 2397 1303 2454 fructum

191 2492 356 2540 tenentem.
400 2487 499 2542 Deum
519 2487 620 2563 ipsum
646 2486 746 2559 aiunt,
774 2484 910 2542 draconis
932 2481 1039 2539 induta
1063 2483 1182 2560 specie,
1212 2482 1303 2538 Nica-

191 2586 282 2644 gorae
306 2568 480 2647 (Sicyoniae
502 2573 656 2644 mulieris,
686 2570 836 2648 Agasiclis
858 2569 980 2641 matris,
1008 2564 1161 2624 Echetimi
1181 2562 1301 2643 uxoris)

190 2673 281 2730 opera
306 2652 459 2732 Epidauro
480 2654 519 2712 ad
545 2676 578 2713 se
597 2659 750 2714 mulorum
779 2656 857 2732 bigis
878 2652 1078 2731 deportatum.
1128 2652 1174 2707 De
1194 2648 1303 2728 templi

188 2738 325 2796 lacunari
347 2741 434 2816 signa
459 2739 609 2819 quaedam
634 2761 695 2798 non
716 2759 828 2817 magna
848 2737 997 2815 pendent:
1032 2734 1189 2815 equibu5‚
1221 2752 1302 2812 quae

190 2820 312 2880 draconi
328 2822 456 2897 insidet,
478 2824 692 2882 Aristodamau
714 2844 780 2882 esse
805 2822 909 2880 dicunt
933 2823 1018 2880 Arati
1040 2830 1178 2878 matrem.
1221 2823 1302 2878 Ara-

188 2916 257 2963 tum
280 2911 363 2964 enim
387 2911 489 2985 ipsum
512 2911 686 2987 Aesculapii
707 2909 804 2965 filium
824 2917 992 2964 autumant.
1035 2909 1136 2984 Atque
1154 2906 1208 2961 ille
1230 2904 1300 2984 qui-

189 2988 261 3048 dem
284 2994 415 3050 ambitus
437 2990 515 3048 nihil
532 2991 624 3051 habet
646 2992 730 3051 aliud
752 3003 921 3051 memoratu
942 2991 1079 3068 dignum.
1124 2986 1172 3068 (4)
1194 2991 1245 3046 Ex
1263 3008 1299 3049 eo

189 3094 261 3135 vero
285 3077 324 3133 ad
345 3076 429 3133 aliud
450 3078 574 3136 Veneris
600 3081 750 3158 templum
778 3088 928 3150 transeas,
974 3079 1006 3132 in
1031 3095 1090 3154 quo
1112 3077 1247 3154 primum
1266 3092 1300 3133 se

189 3163 335 3238 Antiopes
358 3163 479 3238 signum
507 3162 618 3222 offert:
662 3167 726 3222 eius
750 3165 831 3220 enim
854 3163 932 3220 fillos
958 3157 1118 3239 perhibent
1140 3160 1298 3239 Sicyonios

189 3245 300 3318 fuisse,
349 3257 378 3302 et
411 3267 516 3304 eorum
549 3268 639 3309 causa
672 3270 742 3307 cum
771 3249 901 3325 Antiope
932 3249 1039 3305 volunt
1073 3247 1131 3304 sibi
1167 3245 1298 3302 affinita-

188 3339 252 3387 tem
292 3330 488 3392 intercedere.
554 3337 590 3393 111
632 3335 757 3394 Veneris
789 3332 867 3392 illud
900 3333 1049 3410 templum
1086 3330 1167 3388 colae
1193 3331 1298 3410 ingre·

201 3648 208 3663 ⁸
222 3582 266 3634 16.
288 3575 320 3635 δὲ
332 3597 383 3636 om.
397 3580 448 3638 Va.
467 3587 536 3639 unde
548 3586 624 3640 uncis
635 3584 721 3639 inclu-
791 3585 836 3640 21.
855 3579 948 3650 σφίσιν
958 3583 1010 3650 Ag.
1027 3579 1106 3647 σφίσι
1118 3578 1211 3647 [φασί]
1223 3580 1262 3659 ι(1.

185 3664 407 3805 11111111711111ίγουσιν
422 3721 474 3791 Ag.
791 3721 834 3773 22.
863 3712 937 3773 ἐστίν
960 3713 1047 3782 ίερόν.
1073 3710 1167 3783 ἐπίασι
1195 3708 1298 3784 (ἐσίασι

221 3788 263 3840 18.
283 3787 312 3840 δι
338 3785 427 3842 αὐτοῦ
446 3795 597 3860 corruptum
617 3797 668 3842 est.
687 3820 722 3830 -
757 3789 816 3855 CB)
828 3782 1070 3856 μένὸὴΑΧΚΟΒ.
1088 3787 1155 3837 Post
1168 3778 1296 3838 ἐστλνῦί-

184 3852 237 3909 Pro
259 3874 301 3925 sq.
310 3850 479 3926 ’Ἀφροδίτης
505 3860 547 3912 Va
575 3859 655 3911 habet
683 3854 723 3921 είς
757 3858 902 3923 stinxitF,
930 3852 962 3911 τὰ
981 3857 1032 3921 τῆς
1043 3849 1206 3921 Ἀφροδίτης
1222 3848 1297 3907 ἐστίν

182 3920 294 3991 μνήμην
297 3962 313 4000 3
327 3929 397 3994 quod
405 3927 550 3995 praecedit.
756 3927 976 4012 praecedentibus
992 3921 1023 3978 ἐν
1044 3920 1076 3976 δὲ
1094 3918 1172 3994 αὐτῷ
1184 3924 1298 3991 πρῶτον

220 3996 263 4046 19.
282 3999 355 4046 εἰναι
367 4025 402 4035 -
415 3990 492 4063 ίερόν
505 4015 555 4050 orn.
569 3996 608 4048 Μ.
756 3990 866 4065 αγαλμοί
889 3989 963 4049 ἐστιν
978 3988 1120 4061 Ἀντιόπης
1146 3993 1297 4063 oppositum

216 4060 262 4112 20.
289 4054 421 4117 ἐθέλουσι
438 4066 508 4118 coni.
527 4067 594 4120 ch.
616 4065 645 4116 in
661 4065 720 4118 ind.
757 4083 816 4118 esse
828 4064 1055 4128 animadvertens,
1079 4078 1156 4130 quem
1176 4062 1297 4131 sequitur

136 4200 139 4205 Ι
182 4125 260 4180 Lect.
280 4131 356 4184 1816.
391 4126 506 4187 ἐλθοῦσι
524 4136 574 4188 Lb.
599 4127 723 4186 ἐλθοῦσα
757 4137 787 4187 S.
828 4135 892 4186 Mox
919 4127 1009 4186 ἐσίασι
1035 4130 1294 4199 CSBPcAgVebLu.

182 4198 234 4263 Ag.
269 4188 408 4253 ἐλθοῦσαν
433 4204 505 4256 ndu.
543 4203 721 4258 PcLaVubM.
755 4197 849 4256 ἐπίασι
865 4203 937 4256 Εάό.
959 4203 1018 4256 rell.
1033 4202 1085 4256 Lb.
1115 4201 1164 4270 Sq.
1183 4195 1222 4269 δὴ
1242 4217 1294 4255 cur.
1375 4204 1380 4211 '

185 4266 435 4365 ηίσσςτμιοῦσανίί
448 4273 563 4328 Priuer.
574 4274 632 4327 MS·
756 4270 806 4327 ¹1⁸·
1164 4340 1174 4371 r
1236 4352 1257 4359 ..
