2872 4846
492 274 902 341 rennuente.
1221 276 1266 334 xt

129 474 207 525 vero
221 453 428 524 fundamenta
439 455 545 522 iacere
558 455 678 544 primus
691 472 871 545 aggressus
885 458 935 520 est
946 450 1008 519 lm·
1020 448 1171 518 Belrker.
1199 447 1266 515 Vi·

129 559 176 627 dit
196 561 281 626 enim
299 561 349 629 vir
367 561 596 650 sagacissimus
610 563 642 626 et
655 556 855 626 doctissimus
868 556 908 623 de
922 557 1050 646 integro
1064 553 1153 641 quasi
1165 557 1267 620 totam

130 663 213 730 hanc
237 683 307 731 rem
327 663 383 730 sub
408 684 537 731 censum
560 682 633 728 csse
645 661 860 730 revocandam
872 667 905 728 et
917 679 995 749 prae
1009 657 1152 726 omnibns
1163 654 1268 722 solida

130 765 275 834 iacienda
296 786 369 833 esse
392 766 597 834 fundamenta
610 771 780 853 antequam
791 785 877 833 nora
890 763 1068 852 recognitio
1081 781 1152 827 cum
1164 756 1269 826 fructu

132 871 253 938 institui
265 871 390 960 possit,
428 890 526 957 quare
547 868 689 937 codicem
700 867 881 935 Parisinum
896 864 995 934 1410
1009 863 1116 956 (apud
1129 883 1188 930 nos
1200 857 1270 950 Po]
1352 947 1357 955 ,

132 977 178 1041 ita
199 964 361 1063 expressit
387 978 447 1062 „ut
466 973 588 1040 nullum
607 974 646 1039 ab
669 992 708 1040 eo
731 973 906 1062 vestigimn
929 971 990 1036 nisi
1011 970 1130 1036 monito
1149 966 1271 1034 lectore

132 1072 301 1145 recedat.“
353 1074 451 1141 'l'alia
476 1079 527 1166 qni
554 1077 717 1168 promisit,
753 1077 805 1163 qui
826 1077 859 1141 in
879 1071 1134 1164 praefatiuncula
1152 1071 1272 1158 aliquot

131 1181 290 1247 linearum
303 1179 408 1249 locum
428 1185 537 1270 aptum
552 1178 807 1271 reprehendendi
821 1176 976 1248 Glarierii
989 1177 1028 1246 ob
1040 1175 1133 1243 tidem
1146 1180 1179 1241 et
1191 1172 1273 1240 reli-

132 1285 265 1375 gionem
285 1285 369 1350 circa
388 1283 502 1350 literas
521 1283 703 1374 neglectam
722 1284 782 1352 sibi
803 1283 965 1351 invenisse
985 1282 1074 1351 visus
1094 1284 1145 1347 est
1162 1273 1218 1367 ⁸),
1245 1277 1273 1341 is

134 1386 222 1462 leand
242 1386 334 1459 dubie
352 1387 540 1478 scrupulosa
561 1386 696 1476 quadam
714 1386 873 1477 religione
893 1388 925 1451 in
940 1404 1038 1476 opere
1053 1404 1112 1451 suo
1124 1380 1274 1448 versabi—
1292 1423 1295 1427 .

135 1497 199 1560 tnr.
223 1489 270 1560 At
283 1497 316 1559 et
330 1512 390 1559 nos
404 1489 550 1560 dolemus
561 1489 751 1565 Beltkerum
763 1493 955 1585 promissam
972 1487 1054 1557 hane
1066 1485 1158 1556 fidem
1170 1485 1276 1552 minus

134 1596 349 1663 necessariam
361 1593 506 1665 duxisse.
555 1594 606 1667 lle
626 1598 806 1690 ingentibus
818 1592 966 1666 Bekkeri
985 1595 1016 1661 in
1029 1592 1141 1660 literas
1153 1588 1275 1657 meritis

135 1721 200 1768 non
219 1704 270 1767 est
290 1699 372 1789 qnod
386 1699 545 1790 dicamus3
572 1700 665 1794 lippis
680 1722 720 1768 ea
733 1708 810 1769 nota
823 1705 897 1770 sunt
909 1705 1004 1788 atque
1017 1697 1195 1784 tironibus,
1220 1698 1275 1761 et-

135 1806 199 1871 iam
218 1801 398 1871 Pausanias
423 1811 533 1874 noster
560 1807 733 1873 innumeris
761 1807 794 1872 in
819 1804 900 1874 locis
919 1803 980 1869 liae
1000 1801 1139 1869 editione
1159 1798 1276 1888 partim

135 1906 253 1976 codicis
265 1908 412 1997 expressi
426 1912 564 2000 virtute,
590 1911 707 1999 partim
720 1907 985 2000 ingeniosissimis
1000 1900 1133 1973 editoris
1146 1907 1178 1968 et
1191 1901 1276 1967 ami-

136 2031 247 2078 corum
257 2013 445 2077 coniecturis
460 2018 510 2080 est
522 2012 722 2103 emendatus,
741 2033 806 2080 non
818 2033 893 2079 raro
907 2012 1119 2078 restauratus.
1153 2003 1199 2072 At
1211 2022 1278 2071 non

135 2106 305 2204 possumus
326 2134 390 2181 non
412 2114 649 2206 reprehendere
670 2117 800 2182 nimiam
822 2113 1052 2205 quandamviri
1065 2106 1278 2200 sagacissimi,

137 2217 188 2305 qni
204 2217 320 2306 procul
338 2216 431 2285 dubio
451 2219 524 2308 plus
545 2218 677 2288 datums
697 2224 785 2287 esset
803 2220 947 2285 siminus
961 2210 1074 2306 daret,
1100 2212 1278 2298 levitatem,

137 2317 375 2387 festinationem
390 2326 421 2387 et
436 2319 610 2413 (lugentes
622 2317 791 2411 addimus)
802 2322 1010 2412 iniquitatem.
1063 2315 1156 2403 Quae
1169 2313 1280 2380 crimi-

137 2425 224 2490 natio
243 2442 286 2490 ne
307 2425 379 2513 ipsa
398 2424 481 2491 levis
503 2431 537 2493 et
557 2427 664 2514 iniqua
676 2424 945 2516 videatnrpancls
957 2424 1018 2492 erit
1032 2414 1280 2509 comprobanda.

136 2523 280 2592 Primum
305 2525 431 2615 quidem
457 2549 551 2616 quum
577 2526 724 2596 Beklreri
751 2528 903 2616 religioni
927 2529 959 2592 in
989 2519 1198 2612 exprimendo
1223 2518 1280 2586 illo

139 2625 249 2695 codice
266 2649 330 2696 non
352 2631 421 2695 sine
441 2632 567 2696 ratione
586 2628 702 2719 diiiisi,
724 2624 842 2694 multos
861 2626 933 2693 libri
952 2624 1165 2722 manuscripti
1177 2622 1281 2714 locos,

138 2732 328 2820 praesertim
348 2733 380 2797 in
399 2736 492 2820 parte
512 2732 620 2821 operis
640 2733 819 2822 posteriore
839 2730 893 2796 vel
914 2731 975 2819 ipsi
994 2728 1098 2802 denno
1113 2723 1283 2795 conferre-

139 2854 209 2901 mus
223 2834 329 2900 veleb
343 2835 443 2903 amico
457 2832 670 2903 conferendos
685 2853 882 2924 curaremus,
902 2833 987 2900 illico
1002 2833 1148 2922 apparuit
1163 2830 1283 2899 editio-

138 2956 213 3003 nem
231 2957 296 3004 non
316 2938 384 3004 tam
398 2937 553 3027 religiose
568 2937 685 3005 codicis
698 2937 840 3026 vestigia
855 2956 1001 3026 premere
1018 2956 1111 3025 quam
1123 2933 1283 3033 praelatio

138 3037 326 3128 profitetur,
352 3045 447 3128 atque
461 3039 544 3108 haec
556 3042 676 3107 incuria
687 3061 752 3108 non
765 3041 849 3109 circa
862 3042 969 3129 apices
984 3043 1107 3106 tantum
1119 3036 1285 3121 literarum

139 3140 283 3231 aliasque
304 3141 460 3210 eiusmodi
483 3144 631 3212 minutias
649 3148 810 3232 versatur,
838 3142 896 3210 sed
909 3143 1098 3232 saepissime
1111 3160 1165 3206 res
1178 3143 1284 3208 maio-

141 3246 198 3335 ris,
223 3242 286 3338 imo
306 3247 439 3312 maximi
455 3248 608 3314 momenti
627 3246 934 3336 praetermittuntur,
960 3266 1024 3312 non
1038 3265 1113 3311 raro
1128 3241 1214 3311 falsa
1227 3264 1285 3311 re-

141 3343 298 3436 feruntur,
324 3349 408 3416 unde
422 3347 516 3416 sac-ile
529 3351 752 3438 perspeximus
766 3367 809 3413 ex
822 3346 963 3414 editione
975 3345 1123 3413 Belleri
1139 3345 1178 3414 de
1191 3347 1285 3417 oodi-.

141 3452 186 3522 eis
200 3449 338 3517 lectione
360 3458 437 3517 toto
456 3450 601 3520 concludi
622 3474 685 3519 non
705 3470 815 3541 posse,
841 3451 967 3518 silentio
989 3452 1058 3516 eius
1080 3448 1161 3514 nihil
1180 3452 1285 3539 utique

141 3554 280 3641 probari.
301 3554 413 3623 ‘Locos
428 3554 550 3622 anobis
567 3553 670 3622 denuo
685 3556 716 3619 in
732 3539 1117 3621 codiceParisino'1410
1131 3570 1286 3620 excussos

141 3659 297 3724 asterisco
311 3659 492 3724 notavimus
506 3649 641 3748 (Poll),
667 3656 752 3725 unde
775 3656 869 3724 iacile
889 3677 1023 3746 quorum
1041 3657 1194 3747 interest,
1214 3654 1288 3723 eol-

136 3758 264 3827 ·latione
276 3757 362 3826 faeta
378 3782 447 3827 eum
460 3759 512 3827 ed.
525 3759 650 3852 Bekis,
670 3762 876 3851 perspicient,
895 3761 1041 3827 iniuriam
1054 3779 1074 3823 a
1086 3759 1177 3826 nobis
1191 3758 1287 3825 Bek-

142 3861 225 3934 kero
246 3882 311 3929 non
330 3863 410 3930 lieri.
469 3863 653 3932 Levitatem
672 3884 770 3953 porro
795 3870 828 3931 et
851 3863 1090 3931 festinationem
1108 3862 1141 3929 in
1163 3883 1204 3931 eo
1225 3862 1289 3931 de-

142 3962 369 4053 prehendimus
385 3963 468 4055 quod
485 3967 518 4032 in
531 3972 622 4036 tanta
634 3972 781 4035 notarum
795 3967 975 4034 criticorum
988 3966 1130 4058 margini
1143 3965 1289 4037 inferiori

141 4134 341 4153 Η-ι--υ

213 4232 242 4298 a)
260 4229 447 4302 „Clavigerum
466 4233 591 4304 deniqne,
606 4252 683 4306 qnam
703 4236 731 4288 in
749 4237 807 4289 soro
823 4231 992 4286 sanctissime
1003 4235 1092 4305 coluit,
1109 4235 1186 4289 fidem
1202 4243 1229 4291 et
1245 4256 1288 4292 re-

143 4296 268 4373 ligionem
285 4301 357 4356 circa
374 4302 477 4359 litterar
495 4303 611 4362 debetne
628 4306 714 4360 nrioos
730 4304 905 4360 necessariam
922 4302 1062 4358 duxisse.“

646 4478 650 4492 =
777 4408 848 4525 ‘U‘
