2872 4846
485 208 926 303 ranurnrro.
1061 204 1069 217 ⁸
1193 246 1270 305 xxi-

121 410 215 478 theea
240 410 358 480 Matth.
380 413 515 481 Rdveri.
568 413 699 504 „Quum
721 420 755 482 et
773 413 867 480 huius
887 411 1005 482 codicis
1023 415 1212 502 pergameni
1231 421 1265 485 et

119 513 338 600 praecedentis
359 515 519 583 chartacei
541 514 636 608 (sunt
654 517 754 583 verba
765 514 854 583 Petri
879 535 942 583 van
955 514 1093 582 Wesele
1106 510 1264 585 Schulten

118 614 142 679 1.
159 613 214 704 d.)
236 637 328 683 usum
348 619 380 682 in
401 639 520 706 paucos
541 619 609 685 dies
631 620 719 686 initio
741 619 815 685 anui
837 615 936 685 1743
962 616 1113 686 aMatth.
1126 617 1262 687 Rdvero

118 719 263 804 petiisset
275 719 340 784 lac.
356 718 441 786 Phil.
457 721 665 810 d'tlrvillius,
687 721 831 809 pretiosa
842 719 917 786 illos
931 721 1098 788 nominans
1111 721 1262 806 κειμήλια,

117 823 279 908 utriusque
293 823 389 888 etiam
403 823 519 890 codicis
532 822 738 891 honorificam
759 820 833 889 fecit
853 823 1047 890 mentionem
1058 823 1089 887 in
1100 822 1262 890 Animad-
1338 906 1341 911 ι

116 923 314 990 versionibus
333 925 365 989 in
387 923 572 994 Charitonis
584 924 732 1014 Aphrod.
755 925 853 991 libros
878 944 910 1012 p.
925 921 994 989 61:
1016 923 1101 990 idem
1114 925 1260 995 d’0rvil-

115 1022 178 1090 lius
199 1026 231 1089 in
253 1026 390 1113 epistola
413 1027 454 1093 ad
475 1027 642 1096 vaerum
665 1025 764 1120 (data
783 1012 835 1093 die
855 1024 950 1092 XIV.
972 1024 1082 1093 Martii
1104 1025 1201 1096 1743
1227 1036 1261 1098 et
1377 1037 1380 1041 ’

115 1124 273 1213 hodieque
294 1125 447 1219 servata)
468 1129 549 1197 haec
566 1130 690 1197 scribit:
716 1129 868 1197 lbedeunt
891 1127 933 1194 ad
952 1126 1112 1196 dominum
1132 1130 1258 1199 codices

115 1226 177 1295 duo
192 1228 384 1321 Pausaniae,
411 1233 521 1320 quibus
543 1253 621 1300 usus
644 1231 691 1298 fui
705 1235 788 1299 circa
801 1231 1053 1319 epigrammatos
1078 1236 1187 1299 cetera
1204 1233 1259 1299 iu-

114 1328 243 1397 delibati
256 1339 441 1401 manserunt
454 1331 542 1402 cet.“
594 1332 679 1419 ouri
691 1333 902 1424 postvaeri
921 1339 1059 1400 mortem
1079 1332 1120 1400 de
1141 1335 1179 1400 iis
1202 1333 1258 1400 la-

112 1439 197 1500 ctum
217 1434 259 1501 sit
281 1456 376 1522 quum
398 1436 541 1525 plerique
560 1438 721 1504 nescirent
735 1436 933 1504 circumcirca
947 1455 1103 1523 quaerere
1116 1436 1257 1505 institui-

111 1557 194 1625 mus⁷
229 1534 281 1603 diu
308 1534 447 1628 trustra,
484 1538 586 1606 donec
609 1537 704 1607 Hasii
730 1540 789 1606 viri
815 1538 1012 1605 celeberrimi
1037 1537 1256 1607 Bibliothecae

110 1636 278 1704 Parisinae
290 1637 446 1728 praelecti
458 1642 610 1730 nobisque
622 1662 688 1710 non
702 1663 764 1710 uno
778 1641 905 1709 nomine
919 1641 970 1730 pie
983 1639 1108 1707 colendi
1121 1642 1255 1729 inquisi-

110 1741 210 1831 tione7
237 1746 271 1808 et
285 1739 700 1833 GroeniivanPrinsterer,
726 1744 846 1812 auxilio
859 1744 1070 1832 comperimus
1083 1740 1254 1813 inlliblie·

110 1841 203 1909 theca
220 1844 346 1931 pubhca
358 1843 511 1934 Lugduni
521 1845 718 1914 Batavorum
737 1847 882 1933 pretiosa
899 1845 957 1911 illa
976 1844 1116 1928 κειμήλια
1138 1865 1253 1911 asser-

109 1945 189 2011 vari.
233 1944 279 2012 iit
291 1950 382 2013 tanta
396 1946 456 2015 luit
469 1967 582 2015 eorum
594 1951 647 2036 qui
660 1945 879 2015 Bibliothecae
891 1948 941 2014 illi
951 1953 1105 2035 praesunt
1116 1947 1252 2037 insignis

107 2046 283 2115 liberalitas
310 2053 345 2116 ut
369 2048 495 2117 codices
520 2050 594 2119 illos
621 2051 875 2117 transmitterent
900 2049 991 2117 nobis
1030 2048 1251 2139 excutiendos,

107 2148 191 2238 quod
201 2148 338 2228 officium
346 2170 424 2220 vere
436 2153 571 2221 liberale
582 2153 662 2219 satis
674 2150 860 2242 praedicare
872 2172 936 2219 non
948 2171 1129 2240 possumus.
1143 2148 1250 2217 Prae-

106 2253 197 2341 cipue
209 2252 236 2320 1.
253 2251 368 2320 Geelio
381 2256 452 2322 viro
466 2255 672 2326 celeberrimo
686 2255 810 2347 publice
824 2254 948 2347 gratias
961 2253 1088 2346 agimus
1100 2251 1163 2320 hoc
1174 2252 1247 2323 loeo

106 2376 183 2442 quas
196 2377 364 2446 possumus
377 2360 545 2427 maximas.

210 2453 256 2545 7)
279 2456 395 2527 Codex
413 2461 577 2530 Parisinus
600 2463 698 2532 1399
724 2461 791 2556 (ol.
804 2459 893 2531 400.
909 2453 1048 2548 2064.)
1071 2451 1167 2552 (La)
1186 2455 1245 2527 fol.

105 2556 292 2626 chartaceus
309 2580 406 2629 manu
426 2564 578 2654 elegante
589 2565 678 2632 Petri
689 2563 862 2652 Hypselae
873 2564 1062 2651 Aeginetae
1068 2559 1246 2629 Mediolani

102 2663 260 2753 scriptus,
296 2662 408 2751 quod
398 2684 470 2754 rpse
488 2666 591 2754 prima
610 2664 727 2734 codicis
748 2665 870 2756 pagina
891 2669 1044 2731 testatur.
1081 2659 1243 2748 Πέτροςὸ
1359 2716 1362 2729 .

98 2762 225 2847 ‘Yqsql'
205 2793 241 2842 οις
255 2770 302 2830 Αι
291 2765 425 2852 ιγινήτης
445 2768 657 2858 adrogatplq'
637 2794 695 2834 ares
710 2774 856 2855 χιλιοστῳ
867 2791 1105 2855 τετρακοσιοστῳ
1090 2769 1243 2850 (-τετροι

101 2868 200 2955 κόσιῳ
215 2869 247 2933 in
261 2870 450 2960 apographo
463 2872 629 2939 nobiseum
638 2863 889 2957 communicato]
903 2873 981 2934 ἐννεν
966 2878 1100 2958 νηκοσιῷ
1119 2871 1242 2954 (imam
1354 2926 1358 2935 .

101 2933 222 3056 uturp)
248 2968 387 3058 ἑβδόμῳ,
413 2975 533 3038 πέντε
519 2978 567 3039 επὶ
593 2976 665 3039 δέκα
687 2972 816 3065 (inepte
834 2969 956 3059 ἑβδόμῳ
976 2974 1079 3051 πέντε,
1105 2976 1153 3036 ἐπὶ
1168 2973 1242 3036 δέκα

101 3093 153 3161 ap.
169 3070 278 3138 Kuhn.
291 3079 325 3140 61
338 3069 595 3166 81616116),σοῦ
608 3081 833 3158 Μουνυχιῶνος
845 3075 942 3157 μηνὸς
959 3076 1018 3140 ἀπὸ
1032 3083 1087 3158 τῆς
1100 3079 1241 3161 Χριστοῦ

100 3177 256 3257 γεννέσειος
272 3172 459 3266 (γεννήσεως
475 3198 527 3265 ap.
540 3172 651 3266 KS-J,
676 3176 903 3242 Μιδιολιινόθι.
921 3172 959 3266 ⁸]
994 3174 1147 3244 (1011111161
1160 3173 1240 3241 folia

102 3272 194 3363 2883
220 3277 253 3340 in
265 3279 461 3368 marginibus
474 3273 646 3346 summaria
659 3284 693 3346 et
705 3281 802 3345 notae
814 3279 928 3345 breves
942 3298 1056 3366 manu,
1089 3283 1125 3346 ut
1141 3275 1238 3344 vide-

98 3382 162 3467 tur,
187 3377 256 3442 lani
269 3376 419 3445 irascaris
433 3379 617 3468 pleraeque.
644 3379 719 3447 Fuit
733 3378 809 3446 olim
822 3382 855 3445 in
867 3376 1065 3446 Bibliotheca
1076 3379 1238 3469 Medicas,

98 3478 183 3545 unde
205 3479 244 3544 ab
262 3479 402 3550 Henrico
422 3481 481 3548 IV.
500 3481 585 3548 haud
607 3481 698 3550 dubie
719 3487 920 3570 comparatus
941 3484 991 3546 cst
1009 3481 1096 3545 euius
1118 3501 1236 3547 mono-

98 3601 245 3671 gramma
257 3583 289 3649 in
302 3585 479 3673 tegimento
492 3586 694 3673 conspicitur.
745 3581 800 3673 „ll
819 3605 840 3648 a
860 3582 910 3651 stc
930 3581 1020 3672 copie
1033 3584 1095 3649 ¹sur
1114 3603 1157 3648 un
1171 3603 1236 3648 ox-

97 3684 252 3772 emplaire
270 3705 350 3751 revu
369 3707 428 3774 par
445 3686 579 3774 quelque
592 3685 842 3777 demi-savant,
870 3687 953 3774 quia
968 3684 1096 3774 corrige'
1109 3704 1147 3750 ee
1160 3684 1235 3772 qu'il

96 3784 293 3853 n'entendait
304 3807 381 3876 pas,
409 3791 441 3855 et
459 3808 480 3852 a
500 3781 568 3854 tait
580 3788 769 3877 disparaitre
788 3789 838 3855 les
855 3789 987 3857 lacunes
1001 3807 1041 3852 en
1053 3809 1080 3873 y
1092 3787 1236 3854 inserant

95 3887 154 3953 des
166 3894 251 3956 mols
264 3894 298 3956 et
309 3891 413 3958 meme
426 3888 484 3958 des
496 3890 632 3981 phrases
647 3889 797 3959 entieres.
849 3889 1005 3960 llme'rite
1021 3887 1103 3958 donc
1115 3910 1179 3980 peu
1194 3888 1235 3959 do

163 4150 670 4227 a)1ncacaloogossin1.·.nlteg‚.p
685 4153 747 4210 314.
767 4172 835 4209 anno
855 4153 921 4208 1447
942 4154 1056 4227 scriptus
1073 4153 1235 4226 perhibetur,

93 4238 184 4276 errore
199 4221 370 4278 hauddubie.
