2872 4846
136 225 203 284 ππ
281 300 285 306 ,
513 213 922 280 rnannnnro.

139 392 438 464 nondubitavimus.
466 427 513 441 -
541 388 704 463 Sellaec
725 393 765 461 de
785 394 878 461 unius
897 386 1072 480 particulae
1094 385 1288 479 corruptelis

32 588 36 593 ⁵
142 497 289 567 sulficere
302 494 466 585 videntur,
492 498 642 589 exempla
654 498 747 587 plura
758 496 889 587 praebet
901 493 1158 580 commentarius.

246 596 356 689 Saepe
374 606 538 689 peccatum
557 608 608 670 est
627 622 647 667 a
667 600 803 667 librariis
825 600 857 664 in
877 596 1018 664 articulis
1041 595 1094 662 vel
1117 613 1289 685 perperam

145 704 261 774 additis
273 702 327 770 vel
341 703 544 792 negligentia
560 705 705 793 omissis,
741 704 905 789 utriusque
919 699 967 766 rei
981 697 1129 787 exempla
1142 696 1228 765 haud
1242 698 1290 766 ita

145 829 232 877 rara.
267 800 325 876 Sic
341 804 453 895 111,2,
469 804 504 871 2.
517 806 656 898 legimus
671 808 742 884 τοὺς
755 809 786 871 ἓν
802 814 840 892 τῇ
856 802 974 892 ηλικίῳς
1002 823 1095 890 quum
1108 797 1289 867 Pausanias

147 911 287 980 omnibus
301 909 373 974 aliis
388 907 526 999 inlucis,
553 918 585 979 et
599 919 672 980 sunt
684 910 859 999 innumeri,
884 908 912 972 οἱ
938 910 970 970 ἐν
990 903 1089 993 ἡλικίη
1109 903 1215 970 dicere
1228 922 1292 971 so·

123 1077 130 1097 ,
144 1013 225 1105 leat,
251 1013 347 1080 etiam
358 1010 412 1077 hic
425 1017 462 1097 τῇ
475 1013 660 1080 eiiciendum
672 1012 810 1081 videtur.
861 1011 898 1078 ln
913 1009 983 1075 aliis
998 1006 1178 1075 Pausaniae
1191 1007 1292 1096 ipsius

145 1137 225 1186 usus
238 1135 303 1181 nun
317 1114 396 1182 satis
411 1122 561 1184 constans
573 1113 674 1185 fuisse
688 1116 814 1186 videtur
820 1138 831 1203 3
858 1113 1040 1182 sexcenties
1062 1112 1145 1178 enirn
1165 1109 1240 1178 dicit
1260 1110 1293 1173 lv

146 1220 293 1304 ὑπαίθρῳ
309 1211 490 1306 (nunquam
502 1217 676 1306 ὑπαιθρίῳ,
703 1219 745 1286 cl.
760 1218 894 1286 Lobeclr
910 1214 950 1282 ad
964 1213 1143 1301 Phrynich.
1156 1237 1188 1303 p.
1204 1209 1292 1280 252.

148 1317 309 1394 Schaeler
323 1317 364 1386 ad
375 1318 489 1387 Lamb.
501 1319 581 1390 Bas.
596 1323 636 1390 de
647 1323 765 1413 llllips.
780 1344 812 1412 p.
826 1315 942 1408 484);
966 1319 1128 1407 quinquies
1142 1318 1294 1384 sexiesve

150 1425 311 1513 fortasse,
339 1420 445 1490 addito
464 1424 650 1515 plerumque
671 1427 815 1517 genitivo
836 1427 867 1489 ἓν
889 1430 933 1509 τῳ
955 1419 1118 1507 ὑπαίθρῳ,
1153 1428 1190 1489 ut
1204 1423 1235 1485 ἓν
1250 1424 1296 1507 τῳ

148 1528 295 1616 ὑπαίθρῳ
313 1533 367 1609 τῆς
383 1527 498 1615 ἀγορᾶς
522 1528 588 1619 Vl,
605 1528 666 1620 24,
680 1530 716 1596 3.
742 1527 808 1617 Vl,
832 1525 893 1617 24,
908 1525 944 1592 6.
964 1524 1034 1613 ΙΧ,
1058 1522 1093 1614 5,
1112 1521 1171 1591 14.
1192 1528 1224 1588 ἓν
1240 1529 1295 1588 τοὺ

148 1632 318 1719 γυμνασίου
336 1637 380 1718 τῷ
394 1627 537 1721 ὑπαίθρῳ
550 1631 599 1724 Χ,
613 1630 649 1724 8,
664 1630 688 1699 8
697 1655 708 1721 3
735 1630 865 1698 diversa
886 1635 993 1697 tamen
1012 1628 1092 1695 ratio
1112 1625 1237 1696 videtur
1250 1623 1295 1716 V,

153 1732 216 1826 15,
231 1730 266 1823 5,
279 1731 332 1799 ubi
345 1740 419 1821 post
431 1733 576 1824 ὑπαίθρῳ
598 1733 857 1826 distinguendum
875 1739 926 1801 est
946 1753 1040 1820 quum
1057 1732 1218 1821 genitivus
1239 1735 1297 1812 τῆς

152 1839 291 1927 ἀφέσεως
305 1834 346 1902 ad
358 1853 497 1924 sequens
509 1839 614 1928 patius
628 1841 732 1924 μέσον,
760 1835 912 1927 quemad
933 1833 1130 1925 praecedens
1150 1832 1297 1922 ὑπαίθρῳ

150 1936 341 2009 referendus
354 1938 407 2006 sit.
427 1977 474 1991 -
497 1940 558 2032 Vl,
579 1941 641 2034 21,
661 1940 699 2008 4.
717 1942 858 2032 legimus
872 1935 1060 2026 ᾠκοδομήθη
1077 1941 1123 2002 ἐπὶ
1140 1945 1194 2002 τοῦ
1211 1935 1298 2019 ὑψη-

152 2051 217 2110 λοῦ.
269 2038 451 2112 Olavlet'ius
474 2042 566 2111 τόπου
580 2044 786 2112 inserendum
797 2041 972 2111 Bekket'us
988 2050 1041 2106 τοὺ
1059 2042 1092 2106 in
1110 2039 1205 2105 τόπου
1224 2060 1299 2108 mu·

67 2211 71 2222 .
152 2145 284 2218 tandum
296 2155 430 2218 censent
435 2172 446 2238 3
464 2147 554 2216 nobis
569 2151 598 2217 si
612 2147 686 2238 quid
699 2145 884 2216 mutandum
896 2144 1049 2213 articulus
1064 2141 1300 2234 expungendus
1324 2218 1327 2229 ,

153 2250 299 2337 videtur,
326 2248 372 2315 sic
386 2272 419 2319 v.
432 2272 469 2342 g.
482 2251 544 2343 IV,
566 2250 629 2342 34,
650 2249 686 2319 8.
710 2262 803 2316 κεῖται
817 2250 851 2315 τὸ
868 2248 1004 2331 πόλισμα
1019 2250 1066 2312 ἐπὶ
1085 2246 1208 2331 ὑψηλοῦ
1215 2277 1225 2330 ,·
1250 2243 1302 2337 Χ,

105 2386 107 2391 ·
155 2353 218 2444 37,
232 2352 269 2419 3.
286 2362 379 2416 κεῖται
394 2356 442 2419 ἐπὶ
458 2352 583 2438 ὑψηλοὺ
596 2354 616 2439 ἡ
631 2361 763 2437 Boinag,
789 2351 880 2443 VIII,
895 2349 958 2442 39,
972 2347 1007 2419 5·
1023 2349 1149 2434 κεῖπαιη
1169 2352 1303 2436 Φιγαλία
1352 2428 1358 2441 ,

155 2459 203 2522 ἐπὶ
218 2452 392 2542 μετεώρους
418 2456 467 2549 X,
481 2455 543 2549 38,
558 2450 600 2527 8.
610 2470 704 2524 κεῖται
717 2458 752 2524 τὸ
767 2455 902 2538 πόλισμα
918 2457 964 2519 ἕπί
979 2452 1104 2537 ὑψηλοῦ
1110 2482 1121 2536 ‚·
1148 2457 1305 2541 Στιρίταις

155 2560 192 2625 δέ
205 2562 285 2625 ἔστιν
299 2561 346 2624 ἐπὶ
362 2559 487 2646 ὑψηλοὺ
503 2567 552 2628 καὶ
568 2561 743 2649 πετρώδους
756 2559 776 2646 ἦ
791 2562 916 2645 οίκηοις.
967 2555 1129 2648 Exempla
1142 2557 1304 2625 cumulare

158 2663 325 2751 nolumus,
352 2661 500 2732 sulficere
515 2666 664 2735 videntur
677 2685 758 2755 quae
770 2664 971 2754 protulimus.

258 2764 357 2834 Libra
372 2765 433 2857 Vl,
448 2764 509 2857 15,
519 2765 556 2835 4.
569 2766 747 2838 Bekkerus
761 2787 779 2833 ο
791 2763 954 2835 Stobelisti
970 2763 1153 2832 coniectura
1166 2764 1304 2853 recepitz

159 2869 346 2954 παγκρατίου
366 2869 422 2951 μὲν
443 2862 498 2934 οὑν
518 2877 577 2960 μιᾷ
599 2870 675 2956 πρὸς
694 2880 761 2946 ταῖς
776 2865 1003 2952 τεσσαράκοντα
1019 2870 1070 2931 καὶ
1087 2865 1193 2932 ἑκατὸν
1209 2870 1306 2949 ὀλομ-

159 2969 247 3038 πιὺδι
261 2971 397 3056 ἔφθανεν
411 2972 598 3059 ἀνῃρημένος
612 2975 705 3055 νίκην.
756 2971 921 3040 Articulus
941 2981 1008 3047 ταῖς
1027 2971 1067 3035 ab
1090 2971 1230 3037 omnibus
1245 2971 1307 3038 ab·

160 3081 212 3145 est
226 3073 396 3145 culicibus.
449 3075 572 3143 Verum
593 3074 718 3164 quidem
737 3083 789 3145 est
806 3074 907 3164 lange
926 3073 1070 3161 plurimis
1084 3074 1116 3139 in
1128 3073 1208 3141 locis
1223 3075 1308 3141 arti-

161 3177 266 3248 01111111]
277 3177 354 3245 addi
367 3199 388 3244 a
400 3177 562 3246 Pausania
572 3214 595 3231 -
608 3181 655 3244 ἐπί
667 3190 734 3256 ταῖς
740 3228 750 3257 ,
770 3215 792 3232 ·
809 3179 888 3259 μετὰ
908 3176 963 3253 τὰς
969 3223 979 3252 ,
1000 3211 1022 3227 -
1043 3177 1119 3260 πρὸς
1134 3188 1200 3253 ταῖς
1216 3177 1309 3263 (πρὸς

161 3281 217 3357 τὰς
235 3281 295 3370 Vl,
310 3280 347 3371 9,
361 3277 440 3371 4.),
468 3281 618 3372 exempla
629 3282 732 3349 ubivis
749 3281 842 3348 obvia
854 3279 1000 3348 nolumus
1016 3297 1205 3367 recensere3
1232 3287 1266 3348 at
1279 3279 1308 3346 si

163 3390 274 3452 nostro
287 3384 359 3451 Ιοοο
373 3386 542 3452 inserimus
557 3385 746 3474 articulum,
774 3380 929 3471 quomado
953 3379 1081 3448 silentiu
1099 3384 1309 3470 praetermit-

163 3493 234 3558 1816
247 3487 421 3575 poterimus
436 3487 485 3578 X,
499 3486 562 3578 36,
576 3487 613 3554 9.
635 3485 801 3570 ὀλυμπιάδι
817 3493 854 3572 τῇ
869 3482 974 3571 πρώτη
991 3487 1067 3565 μετὰ
1084 3488 1156 3552 δέκα
1173 3491 1223 3553 καὶ
1241 3490 1309 3551 δια-

164 3590 294 3668 κοσίαςί
320 3598 355 3659 et
368 3588 417 3680 X,
440 3589 500 3681 23,
523 3590 576 3657 fin.
601 3592 731 3679 δευτέρῳ
751 3589 808 3654 ίτει
829 3596 885 3672 τῆς
906 3587 1042 3670 πέμπτης
1057 3588 1247 3672 ὀλυμπιάδος
1262 3590 1309 3652 ἐπὶ

166 3693 259 3758 εἴκοσι
276 3697 327 3757 καὶ
346 3690 478 3758 {ausint
530 3689 614 3760 Num
627 3701 762 3782 utroque
775 3693 846 3760 luco
862 3688 1050 3758 inserendus
1066 3700 1118 3761 est
1131 3686 1310 3762 articulus?

166 3793 251 3880 Quill
265 3793 416 3863 faciemus
435 3794 484 3885 X,
507 3796 542 3884 7,
564 3795 607 3882 73
635 3796 687 3863 ubi
706 3795 844 3887 legimus
868 3796 952 3879 τρίτῃ
971 3797 1003 3858 δὲ
1018 3795 1162 3861 Πυθιάδι
1179 3798 1227 3859 ἐπὶ
1245 3806 1312 3869 ταῖς

166 3898 271 3976 εἴκοσι,
297 3904 330 3966 ei
343 3899 443 3971 tribus
455 3898 600 3970 versibus
613 3907 705 3990 post:
732 3897 824 3986 ὀγδόη
841 3899 888 3965 ἐπὶ
904 3895 1130 3984 τεσσαράκοντα
1143 3894 1311 3960 Πυθιάδιί

167 3996 282 4069 Simile
302 4007 354 4070 est
368 4003 428 4096 ’τὴν
447 4000 555 4086 ἓνὺτην
569 4004 617 4066 ἐπὶ
632 4006 704 4069 δίκα
719 4012 774 4069 τοὺ
790 4003 916 4090 ίλαῳίου
932 4000 1027 4084 μηνός
1042 3996 1087 4089 V,
1108 3996 1169 4089 13,
1185 3995 1247 4066 ll.
1263 4034 1310 4047 -

167 4097 265 4174 Solet
277 4098 455 4173 Pausanias
468 4105 645 4175 nominibus
659 4105 872 4173 numeralibus
887 4103 1006 4172 addere
1021 4103 1235 4171 accusativum
1251 4100 1313 4168 ab·

166 4205 308 4277 solutum
322 4207 456 4296 ἇριθμὺν
469 4210 538 4278 sine
552 4207 706 4296 articulo,
727 4208 773 4274 sle
784 4206 844 4298 Vl,
861 4205 922 4298 19,
939 4207 974 4275 7.
990 4205 1131 4294 θώρακες
1146 4214 1227 4274 λινοῖ
1234 4216 1313 4293 τρεῖς
