2872 4846
26 906 135 1175 q

74 1176 108 1217 „p

209 286 338 353 mill
581 283 992 348 Pannonio.

317 462 473 543 Nolumus
487 458 648 539 cumulare
661 460 823 552 exempla3
853 481 933 550 quae
947 456 1134 550 protulimus
1148 457 1267 529 affatim
1280 475 1354 526 ma-

215 567 370 637 nifestant
390 565 489 653 qualis
512 567 554 641 sit
577 563 720 632 codicum
741 562 897 656 affinitas,
933 565 1087 652 simulque
1108 561 1263 651 quomodo
1286 560 1355 626 lieri

217 671 375 763 potuerit,
406 675 442 736 ut
460 665 586 736 codices
607 669 726 758 gemini
748 689 789 734 ex
808 668 921 737 eodem
944 667 1120 756 exemplari
1140 665 1288 754 descripti
1307 669 1356 743 tot

218 783 325 845 tamen
336 772 415 839 loeis
428 771 512 837 inter
525 791 562 837 se
575 768 775 862 discrepent3
798 773 922 838 omnino
937 790 1016 837 vero
1031 772 1138 858 quanti
1153 769 1302 836 momenti
1316 768 1356 834 sit

219 872 373 946 eiusmodi
395 872 479 940 liber
504 870 568 965 (sit
591 875 685 941 venia
709 868 829 962 verbo)
858 876 1023 964 glossatus
1049 872 1090 938 ad
1116 868 1356 960 distinguendas

214 980 358 1067 'classes,
393 981 540 1063 quantam
561 976 635 1044 inde
653 977 758 1044 lneem
778 978 912 1069 accipiat
937 974 1079 1045 codicum
1101 973 1300 1066 genealogia
1323 980 1356 1042 et

218 1082 355 1155 historia
368 1098 461 1147 nemo
475 1099 538 1147 non
550 1080 649 1148 videt.

323 1180 459 1250 Praeter
476 1182 558 1248 haec
578 1181 716 1251 subsidia
737 1201 756 1249 e
779 1180 935 1249 codicibus
955 1182 1055 1269 petita
1069 1201 1161 1267 qurum
1182 1178 1244 1245 alia
1263 1179 1357 1246 etiam

77 1358 86 1365 ,
221 1291 554 1373 circumspectaremus
575 1307 691 1376 magno
711 1284 859 1354 fortunae
880 1282 1028 1351 beneficio
1048 1284 1138 1349 nobis
1155 1284 1294 1362 oblatum
1307 1288 1359 1348 est

222 1387 386 1479 exemplar
408 1385 555 1457 editionis
574 1385 1051 1477 Xylandro-Sylbnrgianae‚
1084 1387 1172 1453 cuius
1194 1386 1358 1473 margines

220 1495 307 1562 notis
332 1488 482 1559 Palmerii
507 1511 602 1558 manu
627 1491 753 1579 scriptis
776 1492 895 1581 impleti
915 1497 1001 1558 sunt.
1053 1489 1243 1556 'Pransmisit
1267 1486 1358 1554 nobis

220 1597 306 1664 hunc
325 1594 440 1660 librum
460 1612 478 1658 e
491 1591 692 1662 Bibliotheca
702 1592 912 1683 lugdunensi
926 1595 951 1659 1.
965 1592 1062 1683 Geel,
1081 1594 1133 1658 vir
1146 1591 1358 1678 doctissimus,

143 1707 147 1712 ’
221 1697 466 1768 humanissimus
482 1701 514 1764 et
527 1695 567 1763 de
579 1697 741 1764 Pausania
754 1704 865 1765 nostro
888 1698 1040 1784 nobisque
1061 1696 1138 1785 ipsis
1157 1697 1272 1785 optime
1286 1713 1359 1759 ιιιθ-

107 1872 113 1878 .
223 1804 314 1870 ritus.
327 1798 483 1873 ‚Palmam
497 1801 735 1871 observationes
748 1803 886 1866 maxima
902 1799 1027 1888 quidem
1041 1821 1084 1866 ex
1099 1799 1233 1887 partein
1249 1796 1360 1886 expli-

223 1901 333 1971 candis
355 1900 536 1968 Pausaniae
559 1905 665 1973 verbis
693 1911 883 1990 versantur3
921 1904 1039 1972 multae
1065 1907 1190 1990 tamen,
1230 1919 1361 1988 quarum

221 2011 346 2097 partem
366 2006 398 2070 in
410 2002 701 2074 Exercitationibus
722 2008 841 2096 ipsein
862 2007 966 2072 lucem
986 2005 1142 2095 publicam
1163 2007 1223 2070 iam
1245 2005 1360 2091 emisit,

124 2100 128 2107 ’
223 2114 325 2176 artem
337 2106 476 2175 criticam
488 2116 649 2198 spectant3
679 2130 744 2177 non
758 2129 867 2177 omnes
880 2111 957 2178 satis
970 2108 1179 2200 ponderatam
1209 2107 1361 2174 sedbona

222 2232 298 2302 pars
312 2211 513 2279 coniecturae
527 2219 650 2281 tantum
661 2211 886 2281 tumultuariae
900 2211 1059 2280 videntur.
1112 2208 1159 2278 0b
1173 2213 1231 2277 viri
1245 2215 1362 2278 aucto-

223 2317 351 2383 ritatem
363 2316 542 2403 ingeniique
557 2336 687 2383 acumen
699 2334 740 2380 ne
755 2335 812 2383 eas
826 2314 950 2402 quidem
963 2312 1202 2404 supprimendas
1216 2312 1367 2383 duximus.
1413 2388 1418 2401 ⁸

223 2417 256 2482 in
279 2415 389 2503 quibus
409 2415 578 2488 manifesto
599 2420 757 2486 aberravit
778 2437 798 2481 a
819 2437 898 2483 vero
912 2415 1107 2504 Palmarius3
1135 2438 1207 2482 nam
1220 2419 1363 2484 virorum

222 2537 413 2607 magnorum
426 2536 554 2587 errores
568 2519 649 2590 adeo
663 2540 728 2589 non
741 2524 810 2587 sine
823 2517 928 2590 fructu
940 2521 1091 2611 legimus.
1108 2557 1156 2568 —
1171 2519 1363 2587 'Pransmisit

220 2622 313 2695 nobis
334 2627 504 2707 praeterea
523 2623 656 2690 Geelius
679 2622 917 2690 observationes
939 2625 1167 2712 manuscriptas
1188 2623 1364 2691 Hemster-

221 2722 307 2789 husii
332 2727 365 2786 et
386 2719 515 2789 Reiskii
539 2745 558 2790 e
579 2725 776 2813 marginibus
804 2724 1029 2813 exemplarium
1049 2724 1315 2815 Lugdunensium
1344 2747 1365 2791 a

181 2880 184 2885 .
224 2820 375 2911 Gabale,
401 2823 470 2890 viro
493 2822 686 2915 doctissimo,
704 2824 1011 2915 Prosopographiae
1026 2826 1364 2919 Xenophonteae'au-

225 2940 333 3015 ctare,
368 2931 514 2994 nostrum
531 2930 562 3009 in
581 2949 674 2997 usum
697 2928 934 3017 perhumaniter
953 2939 1133 3020 excerptas.
1161 2935 1218 2982 —-‘
1239 2932 1364 3016 Quam-

120 3058 123 3063 ·
224 3029 361 3120 plurima
377 3029 467 3095 nobis
491 3032 609 3099 auxilia
625 3031 847 3120 suppeditasse
859 3027 1019 3102 Siebelisii
1036 3034 1232 3125 diligentiam
1246 3035 1365 3103 lnben-

225 3140 277 3201 ter
303 3136 461 3220 gratoque
490 3136 592 3202 animo
618 3134 741 3223 publice
767 3136 969 3225 profitemur3
1018 3145 1189 3229 practerea
1215 3147 1365 3226 quantum
1393 3131 1396 3135 ’

225 3236 384 3328 ponimus
399 3238 593 3307 curatissime
608 3258 687 3325 quae
700 3238 742 3305 ad
756 3238 982 3328 expoliandam
994 3238 1175 3309 Pausaniae
1189 3244 1368 3311 orationem

199 3378 202 3382 ·
227 3338 336 3405 aviris
351 3335 451 3408 doctis
464 3342 584 3431 scripta
595 3349 687 3409 erant
699 3343 960 3431 conquisivimus3
994 3342 1107 3430 siquid
1120 3345 1365 3437 velnegligen-

225 3447 277 3511 tes
296 3441 352 3507 vel
370 3442 557 3563 ignorantes
579 3447 962 3533 praetermisimus-et
972 3449 1198 3533 praetermissa
1212 3468 1365 3533 essenon

225 3563 329 3637 pauca
345 3546 410 3631 ipsi
425 3547 693 3665 suspicamur—
714 3550 839 3615 veniam
857 3556 964 3618 tamen
977 3549 1015 3614 ab
1030 3570 1131 3638 aequo
1144 3550 1269 3619 iudice
1259 3568 1365 3651 inspa-

227 3652 316 3714 bare
334 3665 499 3734 speramus
520 3650 571 3734 qui
588 3655 716 3737 reputat
734 3671 828 3738 quam
846 3652 1075 3721 salebrosas
1049 3663 1091 3724 srt
1077 3653 1193 3724 tlabor
1206 3652 1366 3743 taediique
1432 3724 1435 3729 .

226 3748 341 3835 plenus
361 3747 567 3817 bibliothecas
585 3751 781 3839 perlustrare
800 3761 836 3824 ut
855 3776 950 3824 unam
964 3757 1137 3826 alteramve
1151 3760 1372 3835 coniecturam
1394 3830 1399 3837 ,
1426 3770 1429 3774 ‘

228 3846 465 3920 delitescentem
475 3853 549 3921 inde
561 3873 667 3922 eruas.

687 4049 895 4060 Ψ.-

325 4155 387 4225 His
401 4156 572 4228 subsidiis
592 4164 746 4235 instructi
759 4166 799 4233 ad
822 4189 901 4257 opus
915 4190 975 4237 nos
989 4171 1202 4261 accinximus3
1227 4194 1312 4241 nunc
1324 4171 1368 4257 de

223 4256 380 4330 instituti
393 4263 510 4332 nostri
524 4264 668 4337 ratione
680 4271 855 4393 west
865 4272 1154 4369 praemonerpdurn,
1188 4297 1282 4367 quum
1301 4297 1367 4345 nen
1392 4310 1396 4315 ·
