2872 4846
217 315 283 378 480
618 302 917 369 AAKnNIKA

221 473 402 572 διειστήκει
416 472 452 520 ³³
476 477 598 568 σφίσιν
621 475 676 544 ἐπὶ
701 468 812 545 ιιάντοι
839 466 880 543 sd
905 466 1135 566 βουλεύματα.
1189 462 1236 538 οὐ
1259 464 1334 563 μὴν

222 577 307 653 οὐδέ
323 571 593 672 ὁμονοησάντων
610 571 699 663 τούς
712 570 914 671 ἀπογόνους
929 569 1046 647 αὐτῶν
1067 576 1103 659 ές
1124 568 1246 642 ιιοινὸν
1269 599 1333 640 κοι-

126 740 133 756 .
220 678 368 777 τάλομον
392 674 536 765 ὑπάξειν
548 677 587 725 34
616 682 771 770 ἔμελλον·
814 673 861 749 οὐ
882 672 948 773 γάρ
969 705 1000 747 τι
1022 670 1063 747 τὰ
1091 668 1202 746 τιάντιι
1229 675 1266 760 ἐς
1288 669 1332 744 τὸ

221 780 310 858 αὐτὰ
332 776 627 877 συνεληλύθεισαν
639 780 675 827 ³⁵
705 777 855 875 ἡλικίας,
896 776 944 868 ὡς
966 772 1110 863 ἀνεψιόν
1131 802 1166 846 τε
1193 770 1331 871 ἀνεψιῷ

219 891 276 960 καὶ
292 881 442 973 ἀνεψιῶν
463 889 602 971 παῖδας,
629 879 798 971 ὡσαύτως
820 884 857 954 δέ
873 885 931 952 aul
945 877 1032 967 τούς
1045 881 1225 973 κατωτέρω
1240 873 1332 948 κατὰ

219 971 373 1083 ἀριθμὸν
386 999 502 1082 τυχεῖν
515 979 676 1079 ἀλλήλοις
689 984 725 1031 ³⁶
738 982 923 1079 γεγονότος
936 980 1000 1056 τόν
1015 989 1100 1055 ἴσον.
1122 980 1331 1076 suavique&

219 1119 288 1165 ουν
310 1087 372 1185 τὴν
393 1094 505 1161 οἰκίαν
524 1086 669 1178 ἐπέξειμι
692 1084 809 1160 αὐτῶν
833 1091 931 1174 ἰδίως
955 1089 1011 1157 καὶ
1036 1080 1104 1158 οὐκ
1124 1079 1332 1179 ἀμφοτέροις

385 1183 546 1214 aas>

218 1188 289 1286 ἅμα
304 1196 340 1285 ές
356 1218 397 1262 το
422 1217 510 1261 ιιυτο
525 1186 699 1280 ιινοιμέξος.

608 1460 857 1533 CAPU'I'
910 1464 953 1531 ll.

217 1628 257 1681 De
275 1624 455 1695 Eurysthenis
476 1625 552 1678 domo
577 1633 603 1678 et
622 1625 714 1695 Agidis
740 1654 774 1665 —
800 1626 959 1678 Echestrato
979 1630 1105 1692 regnante
1123 1620 1328 1673 Lacedaemonii

304 1712 415 1765 eiiciunt
434 1711 604 1777 Cynurenses
631 1743 666 1752 —
700 1713 804 1764 Labota
822 1719 951 1778 regnante
969 1711 1079 1780 primurn
1099 1707 1195 1759 bellum
1216 1704 1328 1772 Argivis

302 1797 421 1850 inferunt
438 1824 473 1832 —
498 1794 532 1846 de
550 1795 675 1862 Lycurgo
699 1805 726 1849 et
744 1797 835 1849 Minoi
854 1795 1050 1864 legislatoribus
1069 1823 1104 1832 ——
1121 1790 1329 1846 Lacedaemonii

304 1881 433 1934 Archelao
460 1886 588 1946 regnante
613 1879 707 1948 Aegyn
734 1884 824 1934 urbem
852 1881 978 1948 subigunt
1001 1908 1035 1916 —
1065 1876 1174 1930 Teleclo
1197 1883 1328 1944 regnante

301 1965 427 2018 finitimas
444 1965 523 2016 urbes
539 1964 655 2030 Pharin,
674 1963 802 2032 Amyclan
817 1972 844 2017 et
862 1965 1029 2016 Geranthras
1048 1968 1201 2032 expugnant
1225 1990 1261 1999 -
1277 1959 1327 2011 Al-

301 2067 407 2104 cumeus
438 2057 568 2118 regnante
591 2049 756 2102 Charmidem
785 2050 813 2101 in
834 2051 940 2104 Cretam
961 2050 1082 2114 mittunt,
1118 2048 1209 2099 urbem
1240 2044 1327 2097 Helos

301 2138 425 2189 evertunt
443 2141 470 2186 et
480 2133 595 2202 Argivos
611 2135 730 2189 vincunt.

292 2282 517 2381 Εὐρυσθένει
543 2296 766 2388 πρεσβυτέρῳ
788 2298 858 2365 τῶν
876 2284 1125 2384 Ἀριστοδήμου
1144 2293 1159 2339 1
1190 2290 1327 2359 παίδων

212 2386 293 2461 ὄντι
307 2384 442 2484 ἡλικίαν
456 2391 618 2484 γενέσθαι
633 2397 796 2486 λέγουσιν
809 2388 891 2465 υἱὸν
904 2382 1011 2486 Ἆγιν·
1050 2386 1118 2463 ἀπὸ
1137 2386 1271 2462 τούτου
1286 2390 1325 2460 δὲ

212 2486 256 2564 τὸ
270 2493 372 2591 γένος
385 2484 452 2578 cd²
472 2486 736 2588 Εὐρυσθένους
748 2500 918 2567 καλοῦσιν
926 2488 1067 2589 Ἀγίδος.
1119 2497 1174 2565 ini
1187 2487 1326 2565 τούτου

215 2699 353 2758 omnium
373 2717 493 2759 summa
521 2696 678 2755 dissensio.
722 2696 808 2768 Quod
829 2699 856 2755 si
874 2701 966 2757 etiam
979 2700 1091 2776 optime
1107 2699 1186 2754 inter
1202 2718 1233 2755 se
1249 2717 1325 2755 con-

214 2785 369 2842 venientes
389 2784 533 2854 fuissent,
564 2792 747 2840 nontamen
770 2802 874 2840 eorum
889 2794 1025 2862 posteros
1047 2803 1135 2860 posse
1151 2803 1200 2838 me
1217 2793 1325 2860 putem

213 2885 274 2925 una
291 2877 321 2922 et
340 2865 447 2922 eadem
466 2885 567 2924 rerum
586 2877 739 2942 gestarum
759 2869 944 2944 expositione
967 2865 1236 2946 comprehendere,
1261 2887 1325 2924 non

215 2950 297 3006 enim
315 2951 347 3004 in
364 2968 459 3006 unam
486 2948 673 3028 eandemque
696 2971 818 3029 prorsus
843 2963 971 3010 aetatem
994 2953 1185 3024 inciderunt,
1223 2955 1265 3008 ita
1288 2963 1323 3008 ut

212 3035 366 3114 patrueles
384 3033 570 3112 patruelibus
592 3044 622 3091 et
637 3038 822 3113 patruelimn
839 3039 917 3094 inter
938 3057 969 3095 se
988 3038 1092 3111 liberi,
1114 3057 1149 3093 ac
1166 3039 1217 3116 qui
1232 3035 1323 3094 dein-

215 3138 286 3198 ceps
302 3139 343 3174 ex
357 3118 405 3176 his
422 3117 643 3176 descenderunt
658 3123 787 3197 posteri,
812 3141 939 3180 numero
962 3133 1061 3179 essent
1081 3125 1233 3200 aequales.
1275 3123 1321 3178 De

213 3213 341 3281 utraque
370 3207 473 3282 itaque
498 3205 614 3260 familia
639 3208 802 3284 separatim
826 3225 931 3284 agam,
971 3226 1070 3285 neque
1095 3208 1160 3264 ullo
1179 3217 1268 3286 pacto
1289 3208 1322 3262 in

213 3306 311 3348 unum
332 3286 532 3362 confundam,
568 3309 645 3366 quae
670 3293 846 3370 neutiquam
870 3303 942 3349 arunt
965 3294 1117 3349 communi
1136 3303 1224 3369 gesta
1249 3313 1323 3348 con-

214 3391 312 3431 sensu.

278 3492 350 3548 Cer.
371 3493 409 3547 11.
452 3487 641 3569 Eurystheus
668 3490 852 3551 Aristodemi
874 3492 936 3552 filio
958 3503 1033 3551 natu
1059 3493 1218 3572 grandiore
1238 3494 1321 3571 Agin

213 3575 350 3654 genitum
364 3575 483 3632 fenmt:
505 3594 523 3631 a
539 3595 599 3654 quo
620 3587 690 3634 sunt
707 3579 804 3647 omnis
818 3575 1017 3658 Eurysthenis
1032 3583 1191 3658 posteritas
1204 3577 1321 3657 Agidae

239 3756 293 3842 ⁸33.
319 3750 461 3838 διηστήκει
481 3753 532 3823 Ag.
570 3762 625 3810 tum
637 3747 743 3809 έπίπαν
811 3760 856 3813 37.
893 3753 991 3830 έτέροιν
1015 3763 1068 3816 Vh.
1113 3779 1174 3817 mox
1196 3753 1322 3829 έπέξοιμι

213 3825 475 3961 ταὸἓουάπέὲεῗέιέέ.
493 3886 615 3956 ὑπείξειν
625 3893 676 3945 Lh.
689 3911 749 3947 mox
784 3828 836 3897 Ag.

215 3957 250 4019 od
261 3957 314 4030 γάρ
327 3980 371 4015 τοι
383 3963 415 4014 C.
436 3962 532 4014 econi.
553 3962 630 4029 Sylb.
818 3982 952 4035 cumn.
1002 3987 1027 4039 1.
1057 3975 1253 4049 ἀριστοὸήμςο,
1284 3997 1319 4032 ου

248 4030 293 4087 35·
312 4025 577 4114 σ’ζνέέηέύθέισανῧ
590 4045 624 4081 0¹
634 4030 694 4115 ¹³⁰2,
703 4030 749 4097 ‘1¹¹5
783 4065 863 4120 super
875 4069 913 4118 ῳ,
932 4053 985 4105 Vb.
1006 4058 1061 4104 tum
1074 4046 1138 4117 ἄγιν
1150 4049 1266 4117 Vbhab,
1290 4059 1320 4102 ut

212 4100 437 4165 σννεληλνθεσιιν
449 4098 536 4150 habet.
561 4099 750 4166 σννεληλυθα-
783 4119 843 4171 edd·
854 4127 920 4172 ante
935 4120 965 4172 S·
983 4118 1026 4172 hic
1039 4126 1067 4172 eg
1083 4124 1247 4172 comtanter.

213 4179 258 4219 σιν
271 4165 343 4217 Edd.
357 4165 449 4218 rell.A
469 4166 625 4221 VebMLab.

250 4234 294 4287 36.
311 4185 544 4305 salalarium,
568 4236 639 4316 quod
652 4237 749 4307 probat
817 4239 844 4291 2.
857 4239 908 4292 τοῦ
918 4232 977 4309 εὕρ.
987 4238 1076 4292 PcVa.
1096 4229 1217 4291 Μοιιέιιὶ
1226 4234 1317 4307 τούτῳ

213 4303 247 4361 F.
268 4301 402 4361 ιοῖνῖσιιν
412 4303 465 4358 Va.
781 4306 833 4360 Vn.
