2872 4846
201 285 268 351 5⁶4
538 326 541 331 -
611 275 901 342 ΛΑΚΩΝΙΚΛ

203 443 361 543 Λιμηράν
375 440 531 541 άχουσαν
547 438 738 538 Ἀρτὲμιδος
753 438 849 539 ἱερόν
864 445 956 516 ἐστιν
968 445 1004 516 ἓν
1018 448 1060 537 τῇ
1072 438 1323 536 Ἐπιδαυρίων

105 576 120 605 ·
202 547 423 644 Λιμνάτιδος.
473 542 619 642 ἡπόλις
641 548 678 618 δὲ
703 541 881 641 άπέχουσα
904 541 950 619 οὐ
973 541 1066 618 πολύ
1088 540 1157 617 sind
1173 544 1212 591 33
1247 552 1322 616 θα-

184 649 333 748 Ιλάσσης
361 654 416 723 ἐπὶ
446 644 603 747 μετεώρῳ
625 650 687 740 μὲν
707 645 865 746 ᾤκισται,
899 652 987 735 θέας
1016 650 1053 720 δὲ
1073 642 1205 720 αὐτόθι
1233 643 1320 736 ἄξια

202 751 244 830 τό
266 757 327 847 μὲν
341 749 545 848 Ἀφροδίτης
566 755 657 824 ἐστὶν
671 747 782 847 ἱερόν,
809 746 850 823 τό
864 752 903 823 δὲ
915 746 1118 846 Ἀσκληπιοῦ
1133 753 1191 822 καὶ
1207 746 1319 845 άγαλ-

202 888 250 952 μα
272 851 387 953 ὀρθόν
406 860 515 927 λίθου
530 857 588 927 κοιλ
602 849 748 949 Ἀθηνᾶς
769 857 805 926 ἐν
828 859 871 948 τῇ
892 848 1080 948 ἀκροπόλει
1095 850 1200 940 ναός,
1237 847 1315 945 πρό

152 985 185 1037 11
204 963 241 1034 δὲ
256 966 323 1032 τοῦ
335 961 474 1050 λιμένος
489 953 577 1044 Λιδς
599 960 773 1051 ἐπίκλησιν
795 961 971 1051 σωτῆρος.
1015 961 1072 1051 (7)
1091 952 1191 1048 ’Ἄκρα
1213 956 1255 1028 δὲ
1273 959 1317 1043 ἐς

201 1059 242 1136 τό
261 1066 410 1157 πέλαγος
431 1055 518 1132 κατά
533 1055 596 1155 τὴν
612 1056 716 1130 πόλιν
731 1053 840 1153 άνέχει
852 1061 1048 1154 καλουμένη
1063 1053 1196 1131 Μινώα.
1252 1061 1317 1130 καλ

200 1161 299 1256 ὃμὲν
318 1159 452 1249 κόλπος
465 1157 573 1234 οὐδέν
595 1188 626 1232 τι
641 1163 707 1256 ἔχει
730 1157 907 1255 διάφορον
931 1155 955 1257 ἢ
975 1156 1057 1234 ὅσαι
1071 1161 1108 1228 33.
1137 1155 1226 1232 κατά
1246 1155 1317 1256 τὴν

199 1259 403 1359 Λακωνικὴν
421 1260 519 1336 ἄλλαι
540 1259 722 1358 θαλάσσης
743 1266 830 1336 εἰσὶν
852 1267 1009 1357 ἐσβολαί·
1047 1258 1202 1353 αἰγιαλός
1226 1259 1312 1335 oio

199 1363 309 1462 ταύτη
330 1368 510 1461 παρέχεται
524 1370 687 1461 ψηφῖδας
701 1373 814 1462 σχῆμα
830 1360 1103 1462 εὐπρεπεστέρας
1118 1368 1174 1437 καὶ
1195 1360 1315 1461 χρόας

199 1474 435 1566 παντοδαπῆς.

519 1739 783 1815 ΟΛΡΗΨ
841 1743 975 1814 XXIV.

198 1907 240 1962 Da
255 1906 359 1960 Zareca
378 1932 414 1945 ·-
438 1904 611 1976 Cyphantum
627 1904 764 1974 reliqniis,
789 1913 816 1960 et
835 1907 939 1960 Brasiis
959 1935 995 1947 -
1007 1902 1185 1958 Brasiatarnru
1200 1901 1236 1954 de
1257 1903 1312 1955 Se·

283 1991 366 2057 mele,
395 1990 501 2043 Baccho
525 1997 553 2043 et
571 1991 619 2042 Ino
638 1991 811 2045 narratio-
832 1993 866 2044 de
880 1991 991 2046 Achillis
1015 1990 1112 2060 templo
1134 1996 1161 2044 et
1180 1990 1253 2042 festo
1272 2019 1311 2029 —

284 2079 350 2130 urbe
365 2075 423 2143 La,
449 2075 560 2144 eiusque
579 2074 700 2146 reliqniis
721 2081 748 2129 et
766 2077 958 2144 memorandis,
983 2076 1087 2129 Dianae
1103 2075 1183 2128 Asiae
1194 2074 1309 2144 templo,

285 2167 312 2214 et
324 2161 399 2213 fonte
412 2160 555 2230 ngacons
573 2188 608 2200 -
624 2161 734 2230 regione
751 2163 860 2232 Hypsos
881 2169 909 2215 et
924 2161 1007 2214 fluvio
1027 2163 1125 2214 Smeno
1141 2159 1309 2228 -regione

282 2245 400 2313 Arsino,
417 2245 545 2300 Laurbis
561 2245 699 2300 conditore
715 2252 743 2300 et
756 2246 860 2300 Achille
875 2246 996 2299 Helenae
1009 2263 1102 2316 proco.
1232 2252 1236 2256 “

266 2394 488 2493 Ἐπιδαύρου
511 2401 549 2472 δὲ
573 2399 770 2489 σταδίους1
800 2396 930 2474 ἑκατόν
944 2394 1059 2495 άπέχει
1079 2394 1219 2494 Ζάραξ,
1245 2393 1307 2472 άλ-

194 2509 265 2591 λως
284 2503 346 2595 μὲν
366 2496 545 2594 εὐλίμενον
559 2507 704 2597 χωρίον,
730 2508 800 2576 τῶν
818 2506 858 2576 δὲ
869 2497 1222 2596 Ἐλευθερολακώνων
1239 2497 1307 2595 μά-

194 2611 292 2681 λιστα
304 2611 414 2679 τοῦτο
428 2600 693 2702 ἐκτετρύχωται,
728 2609 798 2680 ἐπεὶ
810 2604 902 2679 καλ3
924 2600 1135 2696 Κλεώνυμος
1151 2600 1172 2677 δ
1193 2609 1307 2678 Κλεο·

192 2790 428 2872 Epidauriomm
450 2791 560 2851 finibus
582 2795 697 2851 Dianae
716 2791 897 2852 Limnatidis
918 2790 1080 2850 delubrum
1100 2801 1156 2851 est.
1204 2793 1306 2871 Oppi-

193 2875 267 2934 dum
293 2879 395 2956 ipsum
416 2897 476 2934 uon
497 2879 604 2954 procul
623 2898 640 2935 a
661 2881 739 2936 mari
759 2881 792 2936 in
815 2879 960 2936 eminenti
982 2880 1047 2935 loco
1068 2879 1174 2955 surgit.
1218 2879 1304 2948 Quae

193 2970 366 3039 spectentur
380 2959 471 3038 digna
484 2961 548 3017 illic
564 2971 634 3017 sunt
651 2965 776 3021 Veneris
795 2964 917 3036 fanum3
941 2972 970 3019 et
982 2962 1170 3041 Aesculapii,
1188 2961 1220 3016 in
1238 2981 1304 3038 quo

193 3045 390 3103 simulacrum
410 3064 616 3104 marmoreum
637 3049 742 3105 stantis
756 3045 881 3120 habitu3
911 3057 978 3104 turn
1002 3049 1035 3103 in
1062 3066 1129 3105 arce
1144 3046 1302 3104 Minervae

194 3128 302 3203 aedes3
347 3141 377 3188 st
407 3129 446 3188 ad
466 3140 588 3209 portum
609 3133 687 3188 Iovis
709 3142 908 3210 cognomento
926 3131 1104 3189 Servatoris.
1149 3127 1196 3209 (7)
1221 3131 1302 3187 Pro-

192 3216 378 3273 montorium
391 3216 423 3271 in
441 3218 568 3295 pelagus
584 3217 639 3273 sub
659 3217 725 3295 ipsa
742 3218 816 3275 urbe
833 3218 975 3290 excurrit,
997 3218 1046 3273 cui
1057 3235 1169 3274 nomen
1186 3216 1301 3274 Minoa.

194 3299 304 3372 Sinus,
333 3301 387 3378 qui
406 3299 466 3356 Ιιαα
486 3302 518 3356 in
542 3311 632 3376 parte
643 3313 766 3377 portiom
779 3302 889 3380 efficit,
917 3299 996 3367 nihil
1010 3298 1200 3381 illequidem
1217 3319 1301 3357 ace-

193 3385 266 3441 taris
285 3382 385 3440 differt
401 3385 493 3442 maris
504 3386 536 3441 in
547 3387 695 3443 Laconiae
712 3388 791 3444 latus
802 3386 1028 3466 irruptionibus.
1072 3387 1158 3444 Litus
1175 3382 1301 3463 quidem

193 3469 294 3547 ipsum
304 3468 427 3526 calculis
443 3468 575 3527 abundat
594 3469 688 3546 figura
708 3481 738 3528 et
756 3473 890 3529 colorum
906 3471 1050 3528 varietate
1061 3471 1213 3548 speciosis.

253 3569 332 3629 css.
354 3571 463 3628 XXIV.
517 3570 564 3627 Ab
589 3569 741 3648 Epidauro
772 3570 870 3628 stadia
900 3573 995 3628 ferme
1024 3571 1048 3628 0
1071 3574 1173 3630 Zarex
1201 3571 1300 3628 abest.

193 3655 277 3711 Haec
291 3671 347 3710 ora
362 3665 482 3732 portum
498 3652 589 3711 habet
604 3653 692 3712 valde
710 3657 930 3733 appellentibus
943 3654 1098 3714 idoneum.
1143 3655 1301 3715 Sedenim

195 3757 237 3795 ex
249 3738 388 3796 omnibus
404 3736 712 3796 Eleutherolaconum
729 3741 898 3798 civitatibus
914 3738 989 3796 haec
1005 3742 1037 3796 in
1059 3743 1165 3817 primis
1179 3743 1300 3816 magnis

196 3823 308 3882 afflicta
319 3831 367 3880 est
380 3821 529 3881 cladibus.
572 3827 650 3880 Nam
664 3834 694 3882 et
712 3825 896 3905 Cleonymus
911 3826 1080 3883 Cleomenis
1096 3825 1193 3900 filius,
1215 3828 1299 3900 Age-

227 4005 273 4060 82.
292 3997 399 4058 tulna.
798 4007 880 4059 (ἕλε.
893 4006 996 4060 XXIV.
1032 4009 1057 4062 1.
1072 3997 1299 4072 ατάδιαι(στάδια

231 4072 276 4125 33.
298 4068 350 4126 ὅσοι
366 4074 417 4126 La.
442 4089 503 4126 mox
521 4067 578 4141 αἰχ.
598 4066 659 4125 δέοι
677 4073 728 4127 La.
763 4071 832 4142 ὡςῖ)
857 4075 914 4140 Ve3
954 4093 1014 4129 mox
1035 4068 1228 4143 ἒκτετρίχωτοιι
1257 4072 1296 4126 id.

196 4129 230 4188 dd
247 4132 278 4200 δς
300 4141 462 4209 AgMPoVa.
496 4148 550 4193 turn
567 4142 657 4210 ταῦτα
675 4141 727 4211 Ag.
760 4137 942 4211 ἐκτετύχωται
959 4144 1009 4197 Le.

193 4207 326 4330 χηφίδας
341 4210 410 4263 Vsb.
436 4204 654 4281 ἒςπροπεατέριις
676 4211 728 4266 La.
795 4214 822 4265 2.
834 4211 939 4265 aulon.
948 4213 986 4265 M.
999 4206 1206 4298 κλεόνυμοςΙιε.
1225 4210 1298 4264 Turn

210 4275 404 4347 ςτρεπιατέρμς
413 4278 465 4334 Lb.
759 4279 873 4335 Palnor.
885 4280 946 4337 MS.
966 4275 1298 4352 „corrigeAysocaedtcdoe
