2872 4846
195 234 268 318 ’τοι
583 236 938 311 norinorum

204 418 360 514 ίνίγονται
381 415 419 488 σὲ
445 408 494 485 οὐ
516 418 638 486 πασῶν
659 394 729 487 τῶν
751 419 926 509 γυναικῶν
949 407 1013 505 (οὐ
1036 406 1101 507 γάρ
1122 404 1166 504 ιίῆ
1189 408 1331 482 πολλαί

206 548 297 608 τινες
319 520 479 610 ἐκεῖναι),
506 511 635 589 ὁκόσαι
656 518 694 589 tt
715 511 881 610 ἀξιώματί
901 528 1083 611 προεῖχον,
1108 505 1252 585 τούτων
1279 517 1331 584 εί·

170 618 314 708 θκόνας
349 614 529 694 ἀναθεῖναι
545 617 583 665 2⁶
616 615 745 709 μόνων.
818 623 900 713 (11)
939 624 1015 690 Τοῦ
1045 617 1083 688 tt
1114 619 1213 709 ίεροῦ
1249 621 1330 688 τοῦ

200 717 416 810 Ἀπόλλωνός
430 724 522 795 ἐστιν
535 718 755 817 οίκοιίόμηγια
770 725 969 815 ἔμπροσθεν
990 716 1161 814 Ὀρέστου
1187 714 1330 790 καλού-

205 853 310 920 μενον
332 819 450 922 σκηνή.
505 826 588 919 πρίν
608 820 673 920 γάρ
702 826 755 897 itti
783 832 831 921 τῷ
858 829 975 916 αἵματι
997 825 1224 916 καθαρθῆναι
1258 828 1330 916 τῆς

205 923 355 1026 μητρὸς,
402 930 615 1022 Τροιζηνίων
649 922 769 1015 οὐδεὶς
806 923 977 1020 πρότερον
1002 921 1126 1021 ῆθελεν
1153 916 1269 996 αὐτὰν
1286 923 1328 970 2⁷

206 1039 291 1128 οἴκῳ
320 1029 506 1118 δέξασθαι·
564 1034 772 1117 καθίσαντες
799 1032 837 1102 δὲ
866 1033 1021 1102 ἐνταῦθα
1043 1022 1234 1121 ἐκάθαιρον
1264 1029 1329 1098 καί

206 1136 360 1220 εἱστίων,
386 1135 422 1218 ἐς
450 1125 472 1204 ὃ
498 1125 703 1226 άφῆγνισαν.
756 1136 813 1204 καί
839 1139 907 1205 νῦν
928 1134 976 1203 ἔτι
996 1136 1034 1202 οί
1054 1123 1223 1222 άιῑόγονοι
1250 1136 1328 1202 τῶν

205 1231 438 1331 καθηράντων
458 1236 614 1306 ἐνταῦθα
634 1239 839 1308 δειπνοῦσιν
863 1239 899 1308 ἐν
917 1230 1061 1330 ῆμίραις
1077 1235 1206 1327 ῥηταῖς.
1262 1261 1327 1303 κα-

206 1339 452 1433 τορυχθέντων
471 1338 508 1408 δὲ
530 1332 648 1432 ὀλίγον
664 1332 733 1411 άιιό
751 1344 814 1433 τῆς
834 1344 964 1432 σκηνῆς
978 1342 1048 1407 τῶν
1069 1337 1277 1428 καθαρσίων
1285 1334 1329 1382 2³

207 1443 318 1536 φασίν
345 1432 402 1512 ἆτ’
426 1433 544 1512 αὐτῶν
569 1434 748 1535 ἀναφῦναι
761 1435 928 1535 δάφνην,
966 1432 990 1534 ῆ
1014 1432 1058 1532 ὃῆ
1082 1439 1140 1509 καί
1170 1440 1206 1524 ἐς
1226 1431 1329 1535 ῆρᾶς

171 1569 190 1625 9
208 1547 318 1633 ἔστιν,
340 1537 446 1638 ῆιιρό
463 1550 525 1637 τῆς
548 1550 678 1637 σκηνῆς
690 1538 837 1642 ταύτης.
865 1547 1020 1637 καθῆραι
1039 1543 1077 1611 δέ
1099 1554 1208 1634 φασιν
1223 1533 1327 1634 Ὀρέ-

207 1662 293 1742 στην
313 1649 524 1741 καθαρσίοις
546 1648 603 1716 καί
620 1642 739 1733 ἄλλοις·
763 1648 822 1717 καί
841 1638 946 1716 ὕδατι
966 1649 1015 1739 τῷ
1032 1640 1069 1688 ²⁹
1090 1637 1159 1714 άιιό
1181 1648 1244 1737 τῆς
1268 1648 1327 1714 ἴττ-

205 1771 281 1822 ιιου
300 1743 440 1843 κρῆνης.
494 1749 577 1840 (12)
596 1745 696 1821 Ἔστι
716 1743 782 1844 γάρ
804 1749 862 1818 καί
888 1746 1105 1840 Τροιζηνίοις
1132 1750 1244 1817 ίιιιτοο
1260 1773 1325 1816 κα-

207 1853 361 1944 λουμένη
387 1844 496 1944 κρῆνη
529 1853 586 1920 καί
617 1847 638 1921 ὁ
665 1846 772 1945 λόγος
796 1853 832 1937 ἐς
861 1843 973 1944 αὐτῆν
1003 1842 1050 1919 οὐ
1065 1846 1103 1893 3⁰
1133 1841 1327 1943 διαφόρως

146 1959 150 1963 ’
208 1957 278 2025 τῶν
304 1957 469 2024 Βοιωτῶν
491 1953 575 2046 ἔχει·
613 1949 766 2050 Πηγάσῳ
780 1948 855 2047 γάρ
878 1957 927 2048 τῷ
949 1955 1042 2047 isso]
1063 1952 1121 2021 καί
1139 1937 1242 2051 οὗτοι
1268 1956 1327 2023 λε-

209 2175 301 2255 copiis
310 2175 522 2234 sustinendum
530 2188 719 2240 censuerunt.
752 2179 857 2256 Neque
866 2196 937 2235 vero
950 2175 1090 2234 omnibus
1098 2184 1224 2248 statuas,
1240 2191 1325 2253 quae

207 2279 270 2318 non
289 2263 405 2318 multae
426 2272 513 2335 sunt,
539 2264 651 2341 positas
671 2273 794 2343 putant,
817 2260 872 2320 sed
896 2263 934 2320 iis
954 2271 1089 2333 tantum,
1116 2279 1193 2339 quae
1216 2257 1326 2336 digni-

206 2354 270 2403 tate
285 2355 398 2403 ceteras
414 2347 578 2404 anteibant.
621 2344 690 2428 (11)
711 2350 791 2405 Ante
803 2348 954 2426 Apollinis
974 2345 1145 2404 aedificium
1165 2342 1326 2424 quoddam

208 2439 275 2503 est,
305 2429 386 2510 quod
416 2433 528 2490 Orestis
553 2433 783 2490 tabernaculum
807 2433 970 2511 appellant.
1012 2431 1099 2488 Prius
1123 2431 1205 2486 enirn
1227 2449 1327 2509 quam

205 2517 337 2573 materni
363 2517 518 2594 sanguinis
543 2519 697 2582 maculam
719 2519 941 2597 expiationibus
970 2517 1089 2575 Orestes
1116 2517 1245 2588 elueret,
1284 2513 1326 2572 de

178 2636 183 2646 ·
206 2601 382 2660 Troezeniis
401 2622 492 2660 nemo
513 2622 584 2659 eum
606 2614 686 2661 tecto
706 2606 838 2680 recipere
852 2603 967 2660 voluit:
989 2599 1089 2659 sedin
1109 2619 1144 2657 ea
1158 2602 1225 2679 ipsa
1241 2601 1330 2658 cella

206 2685 297 2743 illum
311 2688 473 2745 consistere
486 2688 656 2762 iusserunt,
678 2689 796 2767 ibique,
820 2689 873 2766 qui
887 2689 915 2744 ei
928 2687 1101 2744 lustrationi
1112 2686 1325 2765 praefuerunt,

154 2794 157 2804 ¹
208 2771 314 2848 epulas
331 2772 359 2828 ei
373 2773 592 2848 praebuerunt,
616 2774 791 2850 quantisper
812 2776 867 2829 rite
882 2774 1021 2850 expiatus
1041 2781 1094 2829 est.
1137 2772 1240 2826 Manet
1262 2769 1327 2826 ad-

206 2851 268 2910 huc
285 2858 376 2928 ritus,
398 2866 433 2913 ut
451 2857 573 2912 illorum
597 2859 711 2933 posteri
731 2859 816 2914 statis
840 2856 946 2914 diebus
962 2855 1070 2914 eodem
1083 2857 1114 2912 in
1133 2855 1204 2913 loco
1217 2857 1326 2912 coeni-

207 2947 282 2995 tent.
325 2939 458 2996 Defessis
474 2949 575 2997 autem
592 2959 654 2996 non
664 2940 754 3017 longe
775 2942 811 2996 eb
830 2961 865 2997 ea
885 2942 1009 2998 taberna
1027 2941 1173 3019 piaculis,
1198 2941 1326 2998 laurum

208 3041 278 3078 eam
298 3031 419 3078 enatam
440 3021 583 3096 tradunt,
620 3042 697 3102 quae
719 3020 818 3081 adhuc
837 3027 929 3098 viret,
964 3027 1103 3103 proximo
1127 3026 1156 3081 ei
1177 3024 1325 3083 tabernae

206 3109 285 3166 loco.
328 3105 377 3165 Ad
400 3127 470 3165 eum
491 3127 561 3167 vero
581 3108 772 3166 lustrandum
793 3119 822 3166 et
849 3111 908 3166 alia
927 3111 1102 3169 februorum
1124 3128 1234 3187 genera
1263 3109 1325 3166 ad-

207 3189 304 3250 hibita
336 3190 458 3268 dicunt,
496 3203 526 3250 et
549 3213 660 3274 aquam
681 3215 720 3252 ex
741 3196 944 3275 Hippucrene.
1002 3192 1071 3275 (12)
1094 3196 1213 3251 Habent
1238 3197 1325 3254 enim
1354 3200 1360 3209 '

207 3279 267 3356 ipsi
283 3296 402 3357 quoque
416 3279 577 3337 Troezenii
592 3280 823 3360 Hippucrenen:
846 3280 883 3338 de
899 3301 958 3360 qua
979 3282 1056 3337 alius
1076 3299 1168 3359 quam
1184 3298 1201 3336 a
1217 3280 1323 3339 Boeo-

148 3371 154 3381 '
206 3365 246 3422 tis
269 3361 405 3442 proditus
423 3373 468 3423 est
489 3384 599 3424 sermo.
641 3370 718 3424 Nem
738 3385 832 3446 quum
856 3377 885 3423 et
906 3368 963 3443 ipsi
986 3364 1104 3439 dicant,
1127 3365 1235 3442 Pegasi
1249 3368 1324 3444 equi
1386 3421 1392 3429 ,

241 3564 285 3618 26.
304 3559 513 3632 άναθῆναιΙιο.
531 3560 635 3634 μόνον,
661 3582 683 3616 ω
700 3580 745 3616 su·
784 3627 798 3648 n
816 3566 859 3619 29.
892 3563 932 3633 τῷ
955 3562 1112 3649 inseruimus
1138 3582 1153 3616 e
1178 3564 1235 3647 Va..
1271 3562 1324 3617 καί

206 3640 419 3755 iiiiii?
437 3634 490 3686 vo.
521 3652 581 3688 '¹¹⁰¹
607 3633 659 3687 ὀὗ
685 3638 747 3704 ⁹⁰⁸⁸
779 3632 870 3756 iiiii
894 3626 1323 3768 iii.“„”}¹vM¹‘cb'srv¹iiii⁰il'⁸

112 3840 115 3845 Ι
145 3798 148 3803 ·
232 3719 285 3825 ρ27.
306 3763 393 3822 αὐτὸν
407 3738 519 3824 άκιΝα.
539 3769 746 3824 ιιιοιικαθίσαν-
780 3771 831 3823 Lb.
850 3769 939 3822 ἵππου
955 3788 999 3838 κρ.
1019 3720 1081 3824 sicel.
1106 3770 1177 3823 Edd.
1196 3769 1256 3823 rell.
1270 3721 1323 3824 'iffi

207 3839 500 3977 rcpffippepoepalgp·
513 3910 548 3962 ad
565 3925 652 3977 marg2
665 3905 747 3960 habet
780 3839 830 3891 La·

209 3975 260 4028 Va.
273 3993 332 4057 rnorf
344 3971 746 4063 cinopo‘vucllvitiocperarum
814 3977 858 4058 30:
876 3970 930 4059 ‘oti
965 3978 1042 4029 abest
1068 3977 1102 4058 ab
1127 3973 1319 4059 Axi-(Fectio.

208 4042 422 4129 Yb·,‘l01¹1d⁰⁷i
444 4040 476 4131 <Ji
488 4053 597 4131 νίκασε,
607 4045 691 4099 endu
712 4045 746 4098 C.
781 4045 864 4099 Uncrs
876 4046 1004 4097 inclusum
1015 4053 1106 4166 posuit
1120 4043 1153 4126 (Ξ,
1172 4061 1231 4097 saus
1243 4062 1321 4101 unus
1392 4119 1396 4122 -

239 4110 276 4178 δη
289 4127 337 4164 seu
350 4108 382 4165 st
396 4108 425 4177 ἐς
438 4132 515 4183 ηαας
529 4110 616 4183 ἔτιην
630 4108 687 4181 πρὸ
699 4131 749 4181 της
782 4113 1005 4180 s.cotl.1x‚31‚
1036 4110 1318 4180 .Β.τωνΒοι.άίαφ.

209 4178 266 4232 vult
291 4179 419 4236 Letronn.
474 4186 538 4237 Mox
564 4170 691 4250 καθῆναι
715 4177 747 4235 δὲ
782 4176 821 4251 ἔγ.
834 4182 915 4234 VaM.
942 4181 1023 4248 διαφ.
1036 4181 1091 4234 τῶν
1109 4183 1169 4234 Βοι.
1194 4182 1266 4236 Edd.
1280 4183 1320 4234 Pc

208 4247 260 4300 Lb.
295 4314 299 4319 ι
782 4251 832 4319 Ag·
852 4251 943 4304 melius
955 4250 1007 4303 τοῦ
1014 4251 1152 4304 Βοιωτῶν.
1245 4267 1258 4279 ·
