2872 4846
186 278 216 334 X
559 273 964 342 PRAEFATIO.

187 450 282 516 nimia
303 445 443 517 fortasse
458 446 605 519 lectionis
619 472 712 541 quam
725 460 907 545 nuncupant
918 453 1085 545 vulgatam
1098 454 1280 524 reverentia
1292 461 1325 524 et

185 553 350 621 timiditate
377 552 511 641 quadam
538 552 608 621 iere
633 557 727 622 senili
746 557 984 625 emendationes
1004 555 1280 626 manifestissimas
1302 580 1323 625 a

184 657 292 724 codice
312 656 435 724 oblatas
453 661 509 725 aut
527 680 548 724 a
567 678 603 725 se
615 660 685 747 ipso
698 660 804 728 aliove
815 662 962 728 inventas
977 662 1008 725 in
1022 664 1248 731 commentario
1263 683 1323 728 re-

183 762 275 828 tinuit
297 760 431 848 aliisque
451 763 482 827 in
505 766 688 830 contextum
702 783 758 830 eas
771 762 942 853 recipiendi
955 762 1083 829 laudem
1096 765 1236 855 reliquit,
1259 787 1320 853 quo
1375 752 1378 757 ¹

182 863 301 931 saeuum
321 869 427 932 estut
450 885 513 931 uon
536 886 599 932 uno
619 864 691 933 ioco
717 868 750 933 iu
775 866 913 935 editione
932 866 1144 934 Bekkeriena
1164 869 1320 958 egregias

180 974 380 1035 correcturas
395 969 512 1035 omisso
526 968 665 1036 auctoris
678 971 805 1037 nomine
817 972 912 1038 tacite
925 969 1089 1037 videamus
1102 976 1271 1059 receptas

282 1069 409 1137 Eodem
427 1069 497 1137 fere
517 1076 662 1161 tempore
680 1073 713 1139 in
727 1072 839 1141 Gallie
855 1072 972 1163 prodiit
987 1073 1083 1140 editio
1101 1068 1218 1161 Steph.
1232 1070 1319 1143 Ola-

178 1175 268 1241 vierii
282 1172 409 1265 (Paris.
427 1172 584 1241 1814-
596 1170 707 1241 1823.
729 1176 845 1245 7v011.
866 1170 925 1263 8.)
941 1175 982 1242 ad
995 1178 1119 1243 maiora
1131 1175 1318 1265 adspirans3
1342 1182 1346 1187 '

177 1278 330 1367 promittit
351 1278 434 1345 enim
452 1299 569 1344 novam
588 1282 809 1347 recensionem
831 1279 872 1346 ad
885 1278 980 1347 [idem
993 1279 1136 1348 codicum
1147 1278 1318 1348 Parisino-

177 1404 266 1471 rum3
291 1387 326 1450 at
344 1382 508 1471 promissis
522 1403 585 1450 non
600 1384 687 1451 stetit
693 1408 704 1471 3
736 1383 853 1451 multos
868 1382 992 1471 quidem
1002 1384 1093 1452 locos
1107 1382 1251 1451 codicum
1262 1384 1317 1449 in·
1370 1405 1381 1421 ¹

175 1488 325 1576 geniique
344 1485 464 1554 auxilio
483 1484 685 1577 emendavit,
710 1508 827 1555 novam
850 1507 931 1555 vero
953 1488 1228 1578 recognitionem,
1255 1507 1316 1575 quo

176 1610 236 1656 nos
258 1610 357 1657 sensu
375 1588 438 1657 hoe
460 1590 594 1657 nominis
615 1588 767 1659 adhibere
788 1590 947 1682 solemus,
967 1592 1150 1679 neutiquam
1169 1590 1315 1656 instituit.

175 1690 388 1761 Perlustravit
404 1695 487 1759 enim
499 1693 548 1760 vir
562 1695 745 1783 ceteroquin
758 1695 978 1762 meritissimus
991 1693 1116 1760 codices
1131 1692 1315 1761 Bibliothe-
1364 1774 1367 1780 .

175 1816 233 1862 coe
254 1799 368 1887 regiae
385 1797 556 1885 variasque
579 1796 653 1863 iude
676 1798 838 1887 excerpsit
856 1798 1012 1865 lectiones
1033 1796 1199 1865 commode
1220 1802 1315 1885 atquo

175 1899 391 1989 desuuetorie3
416 1898 510 1967 fidem
530 1920 608 1969 vero
628 1900 719 1968 Illam
742 1908 774 1969 et
795 1900 1034 1991 religionemet
1047 1900 1101 1969 vei
1115 1900 1315 1967 minimorum

174 2024 283 2071 curam
306 2022 386 2093 quae
405 2024 446 2071 ne
461 2002 630 2072 manifesta
644 2005 768 2094 quidem
779 2004 896 2072 menda
915 2004 1049 2094 despicit
1074 2007 1201 2071 omnino
1221 2001 1313 2068 desi-

173 2106 334 2198 deramus,
358 2109 430 2175 siue
451 2109 561 2197 quibus
580 2113 688 2176 tamen
707 2109 796 2176 nullo
817 2106 913 2177 modo
934 2128 1037 2196 neque
1051 2106 1091 2174 de
1104 2108 1246 2175 codicum
1259 2105 1313 2171 iu-

172 2210 246 2277 dule
268 2214 437 2299 mutuaque
458 2211 542 2279 inter
565 2230 603 2277 se
622 2211 778 2279 affinitate
797 2211 944 2279 iudicium
965 2209 1064 2301 ferri,
1096 2230 1199 2299 neque
1220 2208 1312 2276 crisis

171 2314 316 2381 exerceri
329 2318 447 2401 potest.
498 2312 633 2383 Accedit
652 2320 822 2404 praeterea
835 2315 1059 2404 superstitiosa
1073 2315 1164 2400 quasi
1176 2315 1208 2378 in
1221 2311 1312 2377 Facit

169 2416 370 2485 coniecturas
387 2418 554 2485 veneratio
568 2437 649 2506 quae
662 2422 752 2485 tanta
765 2422 817 2484 est
828 2424 863 2486 ut
877 2417 1061 2507 plerumque
1075 2415 1160 2505 apud
1173 2412 1311 2483 Cluvia-

168 2520 250 2587 rium
262 2521 294 2585 in
308 2520 460 2585 contextu
472 2519 675 2587 inveniamus·
682 2540 763 2607 quae
770 2519 887 2587 Facias
901 2539 942 2586 ne
954 2522 988 2586 in
1000 2524 1094 2587 notas
1108 2518 1234 2607 quidem
1246 2516 1311 2583 ad·-

167 2624 294 2689 mittere
308 2620 472 2689 debuerat.
524 2618 707 2689 Editionem
726 2626 801 2711 post
822 2622 1001 2690 absolutum
1020 2622 1170 2690 volumen
1189 2642 1310 2688 secuu-

167 2723 242 2790 dum
256 2722 411 2792 Olavierii
428 2728 532 2791 morte
552 2725 762 2812 interruptam
780 2722 822 2789 ad
834 2723 927 2790 tinem
939 2723 1158 2812 perduxerunt
1171 2720 1310 2815 Oourier

167 2832 199 2894 et
212 2823 355 2913 Comes,
381 2826 442 2891 viri
464 2823 652 2913 doetissimi3
680 2822 808 2895 Comes
828 2826 936 2893 multis
958 2828 1146 2894 coniecturis
1162 2815 1308 2915 plerum-¹

166 2950 226 3018 que
239 2928 384 3019 egregiis
400 2929 463 2995 imo
478 2929 615 3018 margini
628 2928 782 3019 appositis
798 2935 831 2997 et
845 2930 877 2995 iu
890 2928 979 2997 calce
992 2928 1148 2997 adiunctis
1162 2949 1309 2996 exorna-

165 3034 210 3099 vit
229 3032 412 3099 editionem.
464 3030 623 3099 Volumen
642 3032 811 3125 septimum
828 3036 923 3100 notas
937 3030 1093 3101 Clavierii
1113 3035 1182 3099 sive
1201 3033 1306 3120 potius

165 3135 301 3202 schedas
314 3133 470 3200 nonsatis
484 3140 632 3201 accurate
647 3133 793 3225 digestas
807 3136 966 3222 coutinet3
982 3135 1144 3203 festinatio
1158 3137 1221 3200 iam
1232 3133 1306 3200 inde
1381 3154 1391 3167 ‘

165 3240 244 3305 satis
262 3238 452 3328 perspicitur
469 3236 551 3325 quod
575 3257 675 3326 saepe
695 3238 800 3305 locum
820 3236 961 3305 indicare
975 3238 1063 3307 obliti
1078 3244 1151 3306 sunt
1165 3237 1306 3306 editores

164 3363 225 3430 quo
248 3339 421 3409 referenda
440 3340 483 3409 sit
501 3346 590 3429 nota,
617 3339 701 3429 quod
721 3332 806 3407 haud
825 3361 900 3410 raro
920 3343 1055 3409 innotis
1075 3341 1157 3407 haee
1174 3341 1229 3407 vel
1248 3342 1305 3406 illa

162 3445 258 3513 lectio
272 3450 403 3534 recepta
416 3442 528 3509 dicitur
541 3463 621 3531 quae
635 3450 764 3531 recepta
776 3463 841 3510 uon
857 3448 920 3533 est,
946 3451 980 3512 ut
1001 3452 1164 3513 taceamus
1182 3443 1304 3511 levita-

162 3555 227 3619 tem
248 3569 310 3638 qua
324 3538 453 3614 nomina
467 3545 711 3634 haudquaquam
730 3547 865 3614 obscura
877 3544 1059 3614 deformata
1070 3547 1233 3633 videmus3
1257 3546 1304 3612 sic

160 3654 282 3741 Heyue
303 3650 491 3741 saepissime
508 3655 643 3717 vocatur
664 3648 801 3740 H'egue,
829 3673 862 3740 p.
886 3649 972 3716 121.
997 3647 1082 3717 125.
1108 3647 1192 3719 175.
1217 3644 1302 3715 182.

163 3757 236 3825 183
252 3750 365 3850 (bis);
392 3752 639 3840 Wyttenbachii
659 3773 775 3822 nomeu
793 3754 826 3819 in
839 3752 1072 3841 Wyttemimeh
1095 3760 1128 3822 et
1143 3752 1303 3821 Wittem-

159 3862 240 3929 trech
252 3858 380 3928 transiit
392 3877 470 3947 pag.
488 3853 573 3922 125.
626 3852 696 3924 Sed
710 3860 785 3924 sunt
797 3855 878 3923 haec
891 3856 1027 3925 leviora.

262 3961 380 4031 Omnes
402 3959 558 4027 editiones
572 3959 734 4046 hueusque
755 3958 933 4050 descriptae
947 3982 1010 4028 uno
1025 3961 1166 4026 nituntur
1179 3954 1302 4023 sunda-

42 4116 43 4120 =
158 4075 277 4156 mento⁷
299 4064 476 4152 exemplari
494 4061 628 4151 Aldiuo‚
651 4060 734 4151 quod
758 4083 852 4150 quam
872 4083 986 4151 parum
1007 4062 1050 4129 sit
1067 4060 1302 4149 iimnumsupra

158 4171 398 4238 demonstrasse
417 4167 507 4234 nobis
522 4164 686 4252 videmur3
713 4163 853 4233 editores
873 4162 1046 4255 sequentes
1066 4162 1120 4230 hic
1140 4162 1207 4230 illie
1226 4160 1300 4253 qui-

158 4274 230 4342 dem
245 4293 316 4340 nou
339 4270 408 4337 siue
428 4289 580 4338 successu
599 4266 741 4336 maculas
760 4268 950 4361 abstergere
971 4268 1078 4337 conati
1098 4272 1191 4359 sunt,
1215 4284 1300 4335 nova
