2872 4846
284 334 298 345 ..
400 248 491 309 suu
511 251 600 309 nra.
622 252 660 309 n.
704 250 804 309 car.
825 200 888 310 ur.
1133 252 1199 317 sca

93 413 163 489 πόν
184 406 333 490 ἐστιν”ἐν
356 414 450 512 δεξιᾷ
478 413 519 489 τὸ
538 412 750 509 Ὀλύμπιον,
799 411 915 510 ὀλίγον
938 414 976 488 δὲ
1002 419 1199 512 ἔμπροσθεν

94 514 314 618 ἐνιύριστερᾷ
333 524 396 614 τῆς
416 514 508 591 ὁδοῦ
530 515 646 613 τῦφος
664 513 843 591 Εῦπόλιδι
858 517 891 563 ¹⁵
909 512 1076 614 Ἀθηναίῳ
1100 514 1199 614 ποιή-
1243 516 1246 524 ’

95 637 193 694 σαντι
222 626 415 717 κωμῳδίαν.
473 628 693 717 προελθοῦσι
726 622 764 693 δὲ
796 623 852 692 καί
878 624 1121 710 ἐπιστρέψασιν
1152 618 1199 707 ὡς

94 727 147 797 ἐπί
179 719 241 820 την
272 720 375 796 πόλιν
407 722 594 819 Ξενοδίκης
610 723 642 770 ¹⁶
672 718 788 817 μνῆμά
821 727 913 794 ἐστιν
945 718 1200 818 ἀποθανούσης

95 829 131 899 ἐν
148 822 264 899 ὠδῖσι·
284 826 318 872 ¹⁷
343 834 524 921 πεποίηται
542 829 579 899 δὲ
597 821 644 897 οῦ
667 820 753 897 κατὰ
767 820 829 897 τόν
849 820 1043 920 ἐπιχώριον·
1056 820 1200 919 τρόπον,

94 923 163 1000 ἄλλ’
194 926 242 1016 ὡς
275 923 317 1000 clv
353 936 395 1023 τῇ
428 937 547 1025 γραφῇ
577 924 722 1019 μάλιστα
751 922 910 1018 ἁρμόζοι·
928 926 961 974 ¹⁸
1004 923 1121 1023 γραφη
1150 929 1200 1018 δὲ,

94 1038 186 1123 είπερ
218 1028 302 1126 ἄλλη
325 1060 393 1121 τις,
431 1035 489 1103 καί
514 1026 603 1126 αῦτη
628 1034 698 1102 ἐστί
719 1033 808 1116 θέας
828 1025 919 1116 ἀξία(
978 1036 1232 1124 προελθοῦσιν

96 1136 133 1206 δὲ
150 1133 182 1179 ¹⁹
205 1129 372 1206 ἐντεῦθεν
392 1130 508 1229 τάφος
530 1138 741 1220 Σικυωνίοις
763 1135 872 1222 ἐστίν,
907 1125 988 1203 ὅσοι
1007 1135 1084 1226 περὶ
1109 1137 1202 1204 Πελ-

94 1231 201 1332 λήνην
222 1240 279 1308 καί
293 1231 420 1331 Δύμην
434 1232 497 1332 τὴν
511 1235 550 1282 2⁰
564 1231 704 1331 Ἀχαιῶν
723 1238 781 1306 καί
803 1238 840 1307 ἐν
864 1228 1005 1328 Μεγάλη
1026 1230 1125 1306 πόλει
1144 1238 1203 1306 καί

93 1341 172 1433 περὶ
195 1343 366 1411 Σελασίαν
384 1337 419 1387 ²¹
448 1335 685 1434 ἐτελεύτησαν·
732 1333 775 1409 τδι
805 1338 843 1409 δὲ
873 1340 909 1422 ἐς
933 1331 1071 1423 αῦτοῦς
1095 1331 1202 1430 σοφί-

95 1454 217 1534 στερον
239 1446 275 1514 ἓν
296 1456 373 1529 τοῖς
391 1440 518 1536 ἐφεξῆς
538 1437 695 1536 δηλσίσω.
756 1434 848 1534 πρὸς
869 1441 906 1510 δὲ
928 1443 971 1532 τῇ
993 1435 1087 1532 πύλη
1110 1434 1201 1533 πηγή

93 1546 165 1616 ἐστι
182 1549 305 1638 σφίσιν
325 1546 360 1616 ἐν
375 1549 550 1639 σπηλαίῳ,
568 1532 612 1639 ἧς
627 1538 667 1615 τό
683 1538 784 1636 ῦδωρ
801 1535 870 1614 οῦκ
883 1537 1013 1613 ἄνεισιν
1029 1545 1066 1613 ἐκ
1081 1541 1201 1636 γῆς,22

94 1647 224 1738 ἐπιρρεῖ
245 1647 282 1717 δὲ
309 1649 346 1716 ἐκ
368 1652 435 1718 τοῦ
452 1641 597 1742 ὀρόφου
614 1652 681 1719 τοῦ
697 1649 885 1739 σπηλαίου·
919 1646 976 1714 καὶ
990 1649 1140 1715 καλεῖται
1158 1638 1200 1714 δι’
1282 1658 1289 1677 ’
1368 1624 1376 1633 ’

95 1741 184 1818 αῦτδ
204 1743 434 1835 Στιίζουσα23
449 1744 471 1844 ἡ
487 1744 589 1844 πηγή.
642 1752 698 1841 (5)
721 1741 781 1819 Ἐν
806 1747 844 1818 δὲ
865 1751 907 1839 τῇ
930 1752 997 1819 νῦν
1014 1741 1199 1841 ἀκροπόλει
1216 1776 1233 1827 5

58 1922 64 1939 ρ
98 1844 217 1947 Τύχης
247 1845 341 1945 ἱερόν
362 1853 452 1924 ἐστιν
470 1845 640 1946 Ἀκραίας,
670 1846 754 1942 μετὰ
776 1850 814 1921 δὲ
837 1843 927 1920 αῦτδ
951 1843 1196 1944 Διοσκούρων·

21 2193 27 2201 ,
87 2148 189 2203 ,ίετειω
207 2140 385 2219 Olympium
402 2150 457 2199 est.
500 2141 550 2199 Ad
565 2143 632 2201 viae
646 2144 767 2200 laevam
781 2140 901 2200 modico
917 2141 1076 2198 intervallo
1095 2141 1200 2218 sepul-

94 2243 179 2281 crum
193 2224 353 2303 Eupolidis
371 2224 582 2303 Atheniensis,
605 2227 828 2287 comoediarum
848 2228 1011 2305 scriptoris.
1054 2227 1132 2282 Hinc
1148 2225 1201 2304 qui
1279 2266 1282 2271 -

91 2310 243 2387 progressi
264 2307 395 2386 fuerint,
425 2311 464 2369 ad
486 2312 585 2392 ipsam
606 2312 693 2393 quasi
713 2314 821 2370 urbem
839 2331 856 2368 a
872 2309 1049 2369 diverticulo
1065 2309 1200 2385 redituri,

92 2393 278 2468 Xenodices,
315 2415 392 2475 quae
419 2418 442 2461 ,e
464 2408 553 2476 partu
574 2409 774 2472 mortuaest,
813 2408 1046 2455 monumentum
1066 2394 1200 2452 videant.

92 2476 175 2535 Illud
196 2477 321 2557 quidem
343 2501 405 2538 non
428 2480 535 2538 eadem
559 2495 604 2541 est
625 2484 740 2557 forma,
772 2502 832 2562 qua
853 2483 993 2560 sepulcra
1014 2482 1129 2537 faciunt
1150 2480 1201 2537 si-

73 2564 204 2642 ·cyonii.
246 2565 281 2618 In
303 2583 337 2621 eo
361 2566 465 2638 enirn,
492 2567 524 2623 in
548 2586 608 2646 quo
627 2569 713 2645 pingi
733 2576 851 2646 posset,
880 2569 964 2623 locus
986 2566 1108 2622 relictus
1137 2573 1199 2621 est:

94 2659 124 2705 et
141 2651 258 2725 pictura
273 2667 362 2722 sane,
390 2651 436 2706 uti
453 2650 512 2707 alia
528 2654 669 2729 quaevis,
705 2663 766 2728 est,
795 2672 872 2732 quae
889 2661 1056 2729 spectetur,
1083 2647 1202 2726 dignis·

93 2734 179 2790 sima.
230 2735 323 2790 Porro
353 2730 425 2790 hinc
459 2737 511 2811 qui
535 2736 749 2815 processerint,
780 2739 954 2816 sepulcrum
975 2735 1130 2791 invenient
1150 2733 1201 2792 Si-

93 2819 208 2896 cyoniis
233 2828 423 2876 exstructum
448 2819 500 2895 iis,
536 2821 589 2900 qui
614 2819 652 2878 ad
674 2820 837 2896 Pellenen,
871 2820 909 2878 ad
924 2823 1044 2900 Dymen
1060 2816 1200 2877 Achaeo·

57 2908 60 2914 '
94 2923 176 2976 rum,
221 2900 260 2958 ad
277 2904 508 2982 Megalopolim,
546 2917 576 2964 et
602 2904 641 2962 ad
669 2906 819 2965 Selasiam
841 2917 971 2965 mortem
991 2905 1200 2984 oppetierunt:
1313 2906 1322 2925 ‘

93 2986 130 3044 de
155 2986 265 3068 quibus
284 2989 431 3067 posterius
456 2990 557 3048 omnia
581 3003 773 3069 exponentur
787 2994 974 3070 plenissime.
1017 2988 1067 3048 Ad
1080 2999 1201 3067 portam
1253 3000 1256 3005 '

91 3072 160 3130 fons
181 3077 276 3130 estin
297 3093 407 3151 specu,
437 3078 522 3132 cuius
543 3095 621 3153 aqua
639 3096 700 3134 nou
724 3086 836 3133 eterra
855 3079 996 3149 scaturit,
1024 3073 1078 3131 sed
1099 3094 1202 3151 espe-

93 3177 146 3214 cus
170 3158 289 3233 fastigio
317 3169 436 3215 manat:
482 3178 542 3238 qua
569 3158 660 3216 dere
683 3161 835 3216 Stazusan
854 3163 1040 3238 nuncupant.
1093 3156 1142 3238 (5)
1164 3162 1199 3214 ln
1277 3190 1281 3198 ·

94 3261 178 3315 arce,
204 3259 280 3321 quae
294 3261 374 3320 nunc
388 3254 505 3333 enatat,
526 3244 677 3301 Fortunae
692 3244 824 3301 Actaeae
839 3242 927 3302 aedes
941 3263 950 3319 ς
981 3253 1011 3300 et
1030 3242 1198 3302 secuudum

129 3492 219 3567 1513,-
234 3503 329 3560 πόλιδι
343 3504 394 3571 Va,
413 3512 468 3559 turn
480 3502 631 3574 σίθηναίων
703 3512 745 3564 19.
772 3505 944 3572 προελθοῦσι
966 3501 999 3556 δὲ
1022 3497 1078 3557 ἔνι.
1106 3504 1199 3574 Ang.

91 3575 291 3643 VabAgMLab.
329 3575 476 3643 κωμῳδίας
502 3577 571 3629 coni.
594 3578 630 3628 F.
664 3569 874 3638 προελθοῦσιδ
889 3569 944 3628 lor.
957 3574 1029 3626 BPc.
1044 3574 1202 3639 προελθοῦ-

90 3644 281 3712 πρρελθοῦσιν
296 3642 348 3693 Vb.
375 3636 572 3711 ἐπιστρέψασιν
594 3638 632 3705 ὥς
664 3661 708 3696 σιν
720 3638 776 3697 loc.
789 3645 860 3696 Edd.
871 3652 933 3697 ante
945 3646 976 3711 B,
986 3643 1076 3696 MVab
1089 3635 1201 3709 (ἐνταῦ-

91 3713 214 3781 inmarg·
229 3708 371 3764 habecha.
664 3715 723 3782 θα,
749 3733 797 3784 per
805 3723 922 3769 ‘correct
935 3706 1069 3766 ἐντεῦθεν
1080 3711 1148 3778 Vb).

128 3801 171 3851 16.
191 3791 449 3862 ΞενοδόκηςΒ*Ρτ.
477 3795 631 3866 Ξενοδίκης
699 3802 743 3854 20.
762 3800 818 3851 τῶν
836 3800 888 3852 Va.

92 3861 392 3934 Effi1³¹¹·AssV⁸bM·
698 3887 742 3938 21.
761 3884 907 3937 σελλασίαν
920 3884 1030 3952 AgLab.
1056 3881 1203 3934 σελασσίαν

128 3956 171 4007 17.
189 3946 299 4005 ῦδεῑσιν
314 3952 341 4019 (ε
356 3954 502 4021 expuncto)
522 3952 574 4004 Vb.
603 3969 630 4003 τι
664 3953 703 4005 Μ.
724 3953 885 4006 σελλασσίαν
897 3956 949 4006 Vb.
968 3969 1028 4005 mox
1039 3947 1114 4020 πηγή
1127 3942 1201 4003 ἔστιν

27 4084 33 4093 .
92 4021 248 4089 asartha·
334 4086 339 4095 ,
663 4027 714 4090 Aa·

130 4107 172 4158 18.
191 4098 319 4174 ἁρμόζει,
338 4123 365 4158 οι
377 4123 457 4176 super
477 4123 516 4163 ει,
535 4105 628 4174 Ang.
698 4109 742 4162 22.
763 4100 796 4160 la
810 4107 921 4177 τῆςηῆς
933 4106 984 4158 Va.

91 4190 269 4245 EtiaminVa
282 4188 307 4245 εἲ
321 4199 468 4246 correctum
481 4195 510 4246 iu
522 4182 560 4247 ιῖι.
579 4192 628 4263 8η.
698 4195 742 4247 23.
760 4188 909 4255 Στάζουσα
921 4194 954 4244 Β.
980 4187 1118 4262 παίζουσα
1130 4189 1200 4242 Εδδ.

92 4255 124 4314 δὲ
139 4277 190 4313 om.
204 4258 244 4311 Μ.
665 4261 723 4317 rall.
743 4262 807 4317 Mox
817 4255 932 4345 μετάοδὲ
945 4253 1040 4329 aiacis
1054 4259 1104 4315 La.
