<?xml version="1.0" encoding="UTF-8"?>
<!DOCTYPE html PUBLIC "-//W3C//DTD XHTML 1.0 Transitional//EN"
    "http://www.w3.org/TR/xhtml1/DTD/xhtml1-transitional.dtd">
<html xmlns="http://www.w3.org/1999/xhtml" xml:lang="en" lang="en">
 <head>
  <title>
</title>
<meta http-equiv="Content-Type" content="text/html;charset=utf-8" />
  <meta name='ocr-system' content='tesseract 3.04.00' />
  <meta name='ocr-capabilities' content='ocr_page ocr_carea ocr_par ocr_line ocrx_word'/>
</head>
<body>
  <div class='ocr_page' id='page_1' title='image "./pausaniaedescri01pausgoog_0267.png"; bbox 0 0 2872 4846; ppageno 0'>
   <div class='ocr_carea' id='block_1_1' title="bbox 224 271 896 354">
    <p class='ocr_par' dir='ltr' id='par_1_1' title="bbox 224 271 896 354">
     <span class='ocr_line' id='line_1_1' title="bbox 224 271 896 354; baseline -0.024 0"><span class='ocrx_word' id='word_1_1' title='bbox 224 271 287 354; x_wconf 73' lang='lat' dir='ltr'>nlo</span> <span class='ocrx_word' id='word_1_2' title='bbox 700 280 896 342; x_wconf 74' lang='grc' dir='ltr'><strong>ΑΤΤΙΚΑ</strong></span> 
     </span>
    </p>
   </div>
   <div class='ocr_carea' id='block_1_2' title="bbox 131 445 1405 2084">
    <p class='ocr_par' dir='ltr' id='par_1_2' title="bbox 131 445 1405 2084">
     <span class='ocr_line' id='line_1_2' title="bbox 188 445 1325 550; baseline -0.004 -29"><span class='ocrx_word' id='word_1_3' title='bbox 188 450 276 550; x_wconf 66' lang='lat' dir='ltr'>odi)</span> <span class='ocrx_word' id='word_1_4' title='bbox 290 448 368 524; x_wconf 86' lang='grc' dir='ltr'><strong><em>τότε</em></strong></span> <span class='ocrx_word' id='word_1_5' title='bbox 392 453 427 538; x_wconf 83' lang='grc' dir='ltr'><strong><em>ἐς</em></strong></span> <span class='ocrx_word' id='word_1_6' title='bbox 454 447 517 545; x_wconf 76' lang='grc' dir='ltr'>τὴν</span> <span class='ocrx_word' id='word_1_7' title='bbox 545 445 693 544; x_wconf 74' lang='grc' dir='ltr'><strong><em>Θράκην.</em></strong></span> <span class='ocrx_word' id='word_1_8' title='bbox 761 453 817 542; x_wconf 86' lang='grc'>(5)</span> <span class='ocrx_word' id='word_1_9' title='bbox 838 445 935 522; x_wconf 85' lang='grc' dir='ltr'><strong><em>’Ἐστι</em></strong></span> <span class='ocrx_word' id='word_1_10' title='bbox 963 448 1003 518; x_wconf 84' lang='grc' dir='ltr'>δέ</span> <span class='ocrx_word' id='word_1_11' title='bbox 1031 446 1229 539; x_wconf 77' lang='grc' dir='ltr'><strong><em>ἔμπροσθεν</em></strong></span> <span class='ocrx_word' id='word_1_12' title='bbox 1256 451 1325 517; x_wconf 83' lang='grc' dir='ltr'>τοῦ</span> 
     </span>
     <span class='ocr_line' id='line_1_3' title="bbox 131 543 1325 652; baseline -0.004 -28"><span class='ocrx_word' id='word_1_13' title='bbox 131 613 141 624; x_wconf 79' lang='grc'><strong><em>,</em></strong></span> <span class='ocrx_word' id='word_1_14' title='bbox 222 552 399 652; x_wconf 83' lang='grc' dir='ltr'><strong><em>μνήματος</em></strong></span> <span class='ocrx_word' id='word_1_15' title='bbox 422 549 527 648; x_wconf 81' lang='grc' dir='ltr'><strong><em>στήλη</em></strong></span> <span class='ocrx_word' id='word_1_16' title='bbox 553 554 773 646; x_wconf 73' lang='grc' dir='ltr'><strong><em>μαχομένους</em></strong></span> <span class='ocrx_word' id='word_1_17' title='bbox 794 557 922 646; x_wconf 78' lang='grc' dir='ltr'><strong><em>ἔχουσα</em></strong></span> <span class='ocrx_word' id='word_1_18' title='bbox 948 555 1075 636; x_wconf 86' lang='grc' dir='ltr'><strong><em>ίππελς·</em></strong></span> <span class='ocrx_word' id='word_1_19' title='bbox 1111 543 1325 635; x_wconf 86' lang='grc' dir='ltr'><strong><em>Μελάνωπός</em></strong></span> 
     </span>
     <span class='ocr_line' id='line_1_4' title="bbox 223 646 1325 754; baseline -0.008 -22"><span class='ocrx_word' id='word_1_20' title='bbox 223 663 345 754; x_wconf 87' lang='grc' dir='ltr'><strong><em>σφισίν</em></strong></span> <span class='ocrx_word' id='word_1_21' title='bbox 367 659 515 728; x_wconf 80' lang='grc' dir='ltr'><strong><em>ἐστικαὶ</em></strong></span> <span class='ocrx_word' id='word_1_22' title='bbox 539 650 771 747; x_wconf 74' lang='grc' dir='ltr'><strong><em>Μακάρτατος</em></strong></span> <span class='ocrx_word' id='word_1_23' title='bbox 787 654 825 703; x_wconf 78' lang='lat'>²⁶</span> <span class='ocrx_word' id='word_1_24' title='bbox 849 650 1018 744; x_wconf 83' lang='grc' dir='ltr'><strong><em>ὀνόματα,</em></strong></span> <span class='ocrx_word' id='word_1_25' title='bbox 1053 646 1120 738; x_wconf 73' lang='grc' dir='ltr'><strong><em>οὓς</em></strong></span> <span class='ocrx_word' id='word_1_26' title='bbox 1144 654 1325 744; x_wconf 76' lang='grc' dir='ltr'><strong><em>κατέλαβεν</em></strong></span> 
     </span>
     <span class='ocr_line' id='line_1_5' title="bbox 221 757 1324 849; baseline -0.008 -15"><span class='ocrx_word' id='word_1_27' title='bbox 221 757 411 834; x_wconf 70' lang='grc' dir='ltr'><strong><em>ἀποθανεῖν</em></strong></span> <span class='ocrx_word' id='word_1_28' title='bbox 445 761 580 830; x_wconf 75' lang='grc' dir='ltr'><strong><em>ἐναντία</em></strong></span> <span class='ocrx_word' id='word_1_29' title='bbox 614 762 895 849; x_wconf 74' lang='grc' dir='ltr'><strong><em>Λακεδαιμονίων</em></strong></span> <span class='ocrx_word' id='word_1_30' title='bbox 909 757 946 803; x_wconf 75' lang='lat'>2⁷</span> <span class='ocrx_word' id='word_1_31' title='bbox 981 759 1038 826; x_wconf 90' lang='grc' dir='ltr'>καί</span> <span class='ocrx_word' id='word_1_32' title='bbox 1074 761 1239 826; x_wconf 78' lang='grc' dir='ltr'><strong><em>Βοιωτῶν</em></strong></span> <span class='ocrx_word' id='word_1_33' title='bbox 1272 781 1324 825; x_wconf 87' lang='grc' dir='ltr'>τε·</span> 
     </span>
     <span class='ocr_line' id='line_1_6' title="bbox 220 854 1325 959; baseline -0.007 -23"><span class='ocrx_word' id='word_1_34' title='bbox 220 867 429 959; x_wconf 80' lang='grc' dir='ltr'><strong><em>ταγμένους,</em></strong></span> <span class='ocrx_word' id='word_1_35' title='bbox 462 865 549 933; x_wconf 89' lang='grc' dir='ltr'><strong><em>ένθα</em></strong></span> <span class='ocrx_word' id='word_1_36' title='bbox 563 867 626 955; x_wconf 82' lang='grc' dir='ltr'><strong><em>τῆς</em></strong></span> <span class='ocrx_word' id='word_1_37' title='bbox 636 855 818 946; x_wconf 84' lang='grc' dir='ltr'><strong><em>Ἐλεωνίας</em></strong></span> <span class='ocrx_word' id='word_1_38' title='bbox 832 860 870 907; x_wconf 74' lang='lat'>²⁸</span> <span class='ocrx_word' id='word_1_39' title='bbox 891 863 956 932; x_wconf 86' lang='grc' dir='ltr'><strong><em>είσί</em></strong></span> <span class='ocrx_word' id='word_1_40' title='bbox 976 854 1091 952; x_wconf 82' lang='grc' dir='ltr'><strong><em>χώρας</em></strong></span> <span class='ocrx_word' id='word_1_41' title='bbox 1108 854 1198 950; x_wconf 81' lang='grc' dir='ltr'><strong><em>πρός</em></strong></span> <span class='ocrx_word' id='word_1_42' title='bbox 1215 863 1325 929; x_wconf 84' lang='grc' dir='ltr'><strong><em>Τανα-</em></strong></span> 
     </span>
     <span class='ocr_line' id='line_1_7' title="bbox 219 957 1405 1062; baseline -0.005 -24"><span class='ocrx_word' id='word_1_43' title='bbox 219 972 367 1062; x_wconf 84' lang='grc' dir='ltr'><strong><em>γραίους</em></strong></span> <span class='ocrx_word' id='word_1_44' title='bbox 390 958 479 1060; x_wconf 81' lang='grc' dir='ltr'><strong><em>όροι.</em></strong></span> <span class='ocrx_word' id='word_1_45' title='bbox 538 967 595 1034; x_wconf 87' lang='grc' dir='ltr'>καί</span> <span class='ocrx_word' id='word_1_46' title='bbox 622 968 807 1035; x_wconf 77' lang='grc' dir='ltr'><strong><em>Θεσσαλων</em></strong></span> <span class='ocrx_word' id='word_1_47' title='bbox 827 959 942 1057; x_wconf 91' lang='grc' dir='ltr'><strong><em>τάφος</em></strong></span> <span class='ocrx_word' id='word_1_48' title='bbox 966 964 1056 1033; x_wconf 88' lang='grc' dir='ltr'><strong><em>ἐστίν</em></strong></span> <span class='ocrx_word' id='word_1_49' title='bbox 1079 965 1209 1033; x_wconf 85' lang='grc' dir='ltr'><strong><em>ίππέων</em></strong></span> <span class='ocrx_word' id='word_1_50' title='bbox 1238 957 1324 1032; x_wconf 81' lang='grc' dir='ltr'><strong><em>κατά</em></strong></span> <span class='ocrx_word' id='word_1_51' title='bbox 1404 1005 1405 1008; x_wconf 61' lang='lat'><em>=</em></span> 
     </span>
     <span class='ocr_line' id='line_1_8' title="bbox 219 1059 1324 1162; baseline -0.007 -20"><span class='ocrx_word' id='word_1_52' title='bbox 219 1065 368 1142; x_wconf 82' lang='grc' dir='ltr'><strong><em>παλαιάν</em></strong></span> <span class='ocrx_word' id='word_1_53' title='bbox 397 1072 516 1162; x_wconf 79' lang='grc' dir='ltr'><strong><em>φιλίαν</em></strong></span> <span class='ocrx_word' id='word_1_54' title='bbox 538 1061 731 1155; x_wconf 74' lang='grc' dir='ltr'><strong><em>ἐλθόντων,</em></strong></span> <span class='ocrx_word' id='word_1_55' title='bbox 766 1062 823 1137; x_wconf 84' lang='grc' dir='ltr'>ὅτε</span> <span class='ocrx_word' id='word_1_56' title='bbox 846 1062 914 1138; x_wconf 80' lang='grc' dir='ltr'>σδν</span> <span class='ocrx_word' id='word_1_57' title='bbox 932 1059 1120 1159; x_wconf 73' lang='grc' dir='ltr'>Ἀρχιδάμῳ</span> <span class='ocrx_word' id='word_1_58' title='bbox 1146 1067 1324 1135; x_wconf 84' lang='grc' dir='ltr'><strong><em>Πελοπον-</em></strong></span> 
     </span>
     <span class='ocr_line' id='line_1_9' title="bbox 219 1163 1324 1267; baseline -0.007 -24"><span class='ocrx_word' id='word_1_59' title='bbox 219 1167 336 1267; x_wconf 82' lang='grc' dir='ltr'><strong><em>νήσιοι</em></strong></span> <span class='ocrx_word' id='word_1_60' title='bbox 349 1176 489 1264; x_wconf 78' lang='grc' dir='ltr'><strong><em>πρῶτον</em></strong></span> <span class='ocrx_word' id='word_1_61' title='bbox 501 1172 665 1262; x_wconf 75' lang='grc' dir='ltr'><strong><em>ἐσέβαλον</em></strong></span> <span class='ocrx_word' id='word_1_62' title='bbox 679 1173 715 1255; x_wconf 84' lang='grc' dir='ltr'><strong><em>ἐς</em></strong></span> <span class='ocrx_word' id='word_1_63' title='bbox 729 1165 793 1264; x_wconf 74' lang='grc' dir='ltr'>τὴν</span> <span class='ocrx_word' id='word_1_64' title='bbox 805 1163 954 1264; x_wconf 76' lang='grc' dir='ltr'><strong><em>Ἀττικὴν</em></strong></span> <span class='ocrx_word' id='word_1_65' title='bbox 974 1173 1132 1261; x_wconf 74' lang='grc' dir='ltr'><strong><em>στρατιᾷ·</em></strong></span> <span class='ocrx_word' id='word_1_66' title='bbox 1168 1171 1226 1236; x_wconf 89' lang='grc' dir='ltr'>καί</span> <span class='ocrx_word' id='word_1_67' title='bbox 1239 1172 1324 1261; x_wconf 83' lang='grc' dir='ltr'><strong><em>πλη-</em></strong></span> 
     </span>
     <span class='ocr_line' id='line_1_10' title="bbox 221 1258 1323 1367; baseline -0.007 -21"><span class='ocrx_word' id='word_1_68' title='bbox 221 1278 299 1347; x_wconf 87' lang='grc' dir='ltr'><strong><em>σίον</em></strong></span> <span class='ocrx_word' id='word_1_69' title='bbox 319 1270 477 1360; x_wconf 82' lang='grc' dir='ltr'><strong><em>τοξόταις</em></strong></span> <span class='ocrx_word' id='word_1_70' title='bbox 492 1277 635 1367; x_wconf 84' lang='grc' dir='ltr'><strong><em>Κρησίν.</em></strong></span> <span class='ocrx_word' id='word_1_71' title='bbox 688 1258 797 1359; x_wconf 75' lang='grc' dir='ltr'><strong><em>αὖθις</em></strong></span> <span class='ocrx_word' id='word_1_72' title='bbox 820 1275 861 1343; x_wconf 89' lang='grc' dir='ltr'>δέ</span> <span class='ocrx_word' id='word_1_73' title='bbox 883 1275 974 1344; x_wconf 86' lang='grc' dir='ltr'><strong><em>ἐστιν</em></strong></span> <span class='ocrx_word' id='word_1_74' title='bbox 983 1264 1173 1364; x_wconf 74' lang='grc' dir='ltr'><strong><em>Ἀθηναίων</em></strong></span> <span class='ocrx_word' id='word_1_75' title='bbox 1193 1265 1323 1363; x_wconf 78' lang='grc' dir='ltr'><strong><em>μνήμα-</em></strong></span> 
     </span>
     <span class='ocr_line' id='line_1_11' title="bbox 220 1368 1322 1470; baseline -0.005 -22"><span class='ocrx_word' id='word_1_76' title='bbox 220 1398 279 1467; x_wconf 83' lang='grc' dir='ltr'>τα,</span> <span class='ocrx_word' id='word_1_77' title='bbox 297 1375 333 1423; x_wconf 83' lang='lat'>29</span> <span class='ocrx_word' id='word_1_78' title='bbox 361 1379 614 1465; x_wconf 74' lang='grc' dir='ltr'><strong><em>Κλεισθένους,</em></strong></span> <span class='ocrx_word' id='word_1_79' title='bbox 650 1403 677 1470; x_wconf 80' lang='grc' dir='ltr'><em>ῳ</em></span> <span class='ocrx_word' id='word_1_80' title='bbox 699 1370 741 1446; x_wconf 85' lang='grc' dir='ltr'>τά</span> <span class='ocrx_word' id='word_1_81' title='bbox 772 1380 807 1462; x_wconf 84' lang='grc' dir='ltr'><strong><em>ἐς</em></strong></span> <span class='ocrx_word' id='word_1_82' title='bbox 827 1370 889 1461; x_wconf 84' lang='grc' dir='ltr'><strong><em>τάς</em></strong></span> <span class='ocrx_word' id='word_1_83' title='bbox 912 1368 1032 1468; x_wconf 85' lang='grc' dir='ltr'><strong><em>φυλάς</em></strong></span> <span class='ocrx_word' id='word_1_84' title='bbox 1055 1379 1093 1442; x_wconf 85' lang='grc' dir='ltr'>αἲ</span> <span class='ocrx_word' id='word_1_85' title='bbox 1121 1378 1189 1444; x_wconf 81' lang='grc' dir='ltr'>νῦν</span> <span class='ocrx_word' id='word_1_86' title='bbox 1202 1372 1239 1418; x_wconf 81' lang='lat'>3⁰</span> <span class='ocrx_word' id='word_1_87' title='bbox 1264 1399 1322 1442; x_wconf 92' lang='grc' dir='ltr'>κα-</span> 
     </span>
     <span class='ocr_line' id='line_1_12' title="bbox 219 1471 1321 1573; baseline -0.004 -23"><span class='ocrx_word' id='word_1_88' title='bbox 219 1485 401 1568; x_wconf 76' lang='grc' dir='ltr'><strong><em>θεστᾶσιν,</em></strong></span> <span class='ocrx_word' id='word_1_89' title='bbox 422 1474 570 1573; x_wconf 75' lang='grc' dir='ltr'><strong><em>εὑρέθη·</em></strong></span> <span class='ocrx_word' id='word_1_90' title='bbox 591 1481 648 1548; x_wconf 87' lang='grc' dir='ltr'>καί</span> <span class='ocrx_word' id='word_1_91' title='bbox 663 1483 825 1549; x_wconf 73' lang='grc' dir='ltr'><strong><em>ἱππεῦσιν</em></strong></span> <span class='ocrx_word' id='word_1_92' title='bbox 840 1473 1095 1563; x_wconf 77' lang='grc' dir='ltr'><strong><em>ἀποθανοῦσιν,</em></strong></span> <span class='ocrx_word' id='word_1_93' title='bbox 1109 1471 1209 1570; x_wconf 80' lang='grc' dir='ltr'><strong><em>ἡνίκα</em></strong></span> <span class='ocrx_word' id='word_1_94' title='bbox 1224 1490 1321 1546; x_wconf 88' lang='grc' dir='ltr'><strong><em>συνε-</em></strong></span> 
     </span>
     <span class='ocr_line' id='line_1_13' title="bbox 187 1576 1322 1676; baseline -0.005 -23"><span class='ocrx_word' id='word_1_95' title='bbox 187 1578 409 1676; x_wconf 75' lang='grc' dir='ltr'><strong><em>λπελάβοντο</em></strong></span> <span class='ocrx_word' id='word_1_96' title='bbox 428 1587 468 1653; x_wconf 90' lang='grc' dir='ltr'>οί</span> <span class='ocrx_word' id='word_1_97' title='bbox 483 1583 653 1653; x_wconf 80' lang='grc' dir='ltr'><strong><em>Θεσσαλοί</em></strong></span> <span class='ocrx_word' id='word_1_98' title='bbox 672 1586 740 1650; x_wconf 82' lang='grc' dir='ltr'>τοῦ</span> <span class='ocrx_word' id='word_1_99' title='bbox 756 1576 936 1652; x_wconf 85' lang='grc' dir='ltr'><strong><em>κινδύνου.</em></strong></span> <span class='ocrx_word' id='word_1_100' title='bbox 963 1584 1119 1651; x_wconf 67' lang='grc' dir='ltr'><strong><em>ἐνταῦθα</em></strong></span> <span class='ocrx_word' id='word_1_101' title='bbox 1137 1581 1195 1648; x_wconf 85' lang='grc' dir='ltr'>καί</span> <span class='ocrx_word' id='word_1_102' title='bbox 1210 1583 1322 1648; x_wconf 83' lang='grc' dir='ltr'><strong><em>Κλεω-</em></strong></span> 
     </span>
     <span class='ocr_line' id='line_1_14' title="bbox 220 1676 1320 1777; baseline -0.004 -22"><span class='ocrx_word' id='word_1_103' title='bbox 220 1699 313 1755; x_wconf 74' lang='grc' dir='ltr'><strong><em>ναῖοι</em></strong></span> <span class='ocrx_word' id='word_1_104' title='bbox 326 1678 358 1729; x_wconf 80' lang='lat'>³¹</span> <span class='ocrx_word' id='word_1_105' title='bbox 383 1699 528 1775; x_wconf 79' lang='grc' dir='ltr'><strong><em>κεῖνται,</em></strong></span> <span class='ocrx_word' id='word_1_106' title='bbox 560 1679 645 1772; x_wconf 83' lang='grc' dir='ltr'><strong><em>μετά</em></strong></span> <span class='ocrx_word' id='word_1_107' title='bbox 663 1677 815 1775; x_wconf 76' lang='grc' dir='ltr'><strong><em>Ἀργείων</em></strong></span> <span class='ocrx_word' id='word_1_108' title='bbox 837 1688 873 1769; x_wconf 85' lang='grc' dir='ltr'><strong><em>ές</em></strong></span> <span class='ocrx_word' id='word_1_109' title='bbox 895 1677 957 1777; x_wconf 81' lang='grc' dir='ltr'>τὴν</span> <span class='ocrx_word' id='word_1_110' title='bbox 976 1676 1125 1775; x_wconf 73' lang='grc' dir='ltr'><strong><em>Ἀττικὴν</em></strong></span> <span class='ocrx_word' id='word_1_111' title='bbox 1144 1676 1320 1765; x_wconf 81' lang='grc' dir='ltr'><strong><em>ἐλθόντες·</em></strong></span> 
     </span>
     <span class='ocr_line' id='line_1_15' title="bbox 218 1776 1322 1881; baseline -0.003 -24"><span class='ocrx_word' id='word_1_112' title='bbox 218 1780 273 1880; x_wconf 84' lang='grc' dir='ltr'>ἐφ’</span> <span class='ocrx_word' id='word_1_113' title='bbox 293 1779 366 1881; x_wconf 76' lang='grc' dir='ltr'>ὅτῳ</span> <span class='ocrx_word' id='word_1_114' title='bbox 384 1787 439 1874; x_wconf 77' lang='grc' dir='ltr'>δέ,</span> <span class='ocrx_word' id='word_1_115' title='bbox 464 1780 587 1878; x_wconf 76' lang='grc' dir='ltr'><strong><em>γράφω</em></strong></span> <span class='ocrx_word' id='word_1_116' title='bbox 603 1789 670 1854; x_wconf 82' lang='grc' dir='ltr'>τοῦ</span> <span class='ocrx_word' id='word_1_117' title='bbox 685 1779 796 1876; x_wconf 89' lang='grc' dir='ltr'><strong><em>λόγου</em></strong></span> <span class='ocrx_word' id='word_1_118' title='bbox 809 1812 869 1873; x_wconf 87' lang='grc' dir='ltr'>μοι</span> <span class='ocrx_word' id='word_1_119' title='bbox 887 1778 1120 1868; x_wconf 87' lang='grc' dir='ltr'><strong><em>κατελθόντος</em></strong></span> <span class='ocrx_word' id='word_1_120' title='bbox 1134 1787 1170 1869; x_wconf 84' lang='grc' dir='ltr'><strong><em>ἐς</em></strong></span> <span class='ocrx_word' id='word_1_121' title='bbox 1182 1778 1270 1868; x_wconf 77' lang='grc' dir='ltr'><strong><em>τούς</em></strong></span> <span class='ocrx_word' id='word_1_122' title='bbox 1284 1776 1322 1831; x_wconf 72' lang='lat'>3²</span> 
     </span>
     <span class='ocr_line' id='line_1_16' title="bbox 215 1879 1321 1982; baseline -0.004 -24"><span class='ocrx_word' id='word_1_123' title='bbox 215 1882 396 1982; x_wconf 67' lang='grc' dir='ltr'><strong><em>Ἀργείους.</em></strong></span> <span class='ocrx_word' id='word_1_124' title='bbox 432 1889 490 1956; x_wconf 84' lang='grc' dir='ltr'>καί</span> <span class='ocrx_word' id='word_1_125' title='bbox 507 1881 694 1980; x_wconf 72' lang='grc' dir='ltr'><strong><em>Ἀθηναίων</em></strong></span> <span class='ocrx_word' id='word_1_126' title='bbox 715 1880 750 1956; x_wconf 88' lang='grc' dir='ltr'>δ’</span> <span class='ocrx_word' id='word_1_127' title='bbox 773 1889 844 1957; x_wconf 79' lang='grc' dir='ltr'><strong><em>ἐστι</em></strong></span> <span class='ocrx_word' id='word_1_128' title='bbox 870 1881 985 1979; x_wconf 80' lang='grc' dir='ltr'><strong><em>τάφος</em></strong></span> <span class='ocrx_word' id='word_1_129' title='bbox 1011 1891 1047 1956; x_wconf 79' lang='grc' dir='ltr'>οἳ</span> <span class='ocrx_word' id='word_1_130' title='bbox 1070 1889 1153 1979; x_wconf 87' lang='grc' dir='ltr'><strong><em>πρίν</em></strong></span> <span class='ocrx_word' id='word_1_131' title='bbox 1175 1879 1199 1979; x_wconf 70' lang='grc' dir='ltr'><em>ἢ</em></span> <span class='ocrx_word' id='word_1_132' title='bbox 1220 1902 1321 1977; x_wconf 83' lang='grc' dir='ltr'><strong><em>στρα-</em></strong></span> 
     </span>
     <span class='ocr_line' id='line_1_17' title="bbox 164 1974 1320 2084; baseline -0.003 -22"><span class='ocrx_word' id='word_1_133' title='bbox 164 2016 166 2020; x_wconf 91' lang='grc'><em>·</em></span> <span class='ocrx_word' id='word_1_134' title='bbox 219 1995 341 2062; x_wconf 81' lang='grc' dir='ltr'><strong><em>τεῦσαι</em></strong></span> <span class='ocrx_word' id='word_1_135' title='bbox 359 1984 421 2061; x_wconf 83' lang='grc' dir='ltr'>τόν</span> <span class='ocrx_word' id='word_1_136' title='bbox 444 1992 571 2084; x_wconf 76' lang='grc' dir='ltr'><strong><em>Μῆδον</em></strong></span> <span class='ocrx_word' id='word_1_137' title='bbox 593 1990 807 2082; x_wconf 78' lang='grc' dir='ltr'><strong><em>ἐπολέμησαν</em></strong></span> <span class='ocrx_word' id='word_1_138' title='bbox 822 1983 913 2083; x_wconf 85' lang='grc' dir='ltr'><strong><em>πρός</em></strong></span> <span class='ocrx_word' id='word_1_139' title='bbox 932 1983 1122 2084; x_wconf 79' lang='grc' dir='ltr'><strong><em>Αἰγινήτας.</em></strong></span> <span class='ocrx_word' id='word_1_140' title='bbox 1177 1991 1233 2081; x_wconf 91' lang='grc'>(6)</span> <span class='ocrx_word' id='word_1_141' title='bbox 1254 1974 1320 2059; x_wconf 81' lang='grc' dir='ltr'>Ἦν</span> 
     </span>
    </p>
   </div>
   <div class='ocr_carea' id='block_1_3' title="bbox 213 2166 1319 2502">
    <p class='ocr_par' dir='ltr' id='par_1_3' title="bbox 213 2166 1319 2502">
     <span class='ocr_line' id='line_1_18' title="bbox 216 2166 1318 2248; baseline -0.002 -22"><span class='ocrx_word' id='word_1_142' title='bbox 216 2172 295 2228; x_wconf 90' lang='lat' dir='ltr'>ciam</span> <span class='ocrx_word' id='word_1_143' title='bbox 315 2189 397 2227; x_wconf 85' lang='lat' dir='ltr'>arma</span> <span class='ocrx_word' id='word_1_144' title='bbox 412 2188 599 2248; x_wconf 81' lang='lat' dir='ltr'>promovere.</span> <span class='ocrx_word' id='word_1_145' title='bbox 642 2167 690 2248; x_wconf 89' lang='lat'>(5)</span> <span class='ocrx_word' id='word_1_146' title='bbox 718 2166 745 2226; x_wconf 92' lang='lat' dir='ltr'>A</span> <span class='ocrx_word' id='word_1_147' title='bbox 765 2166 864 2227; x_wconf 86' lang='lat' dir='ltr'>fronte</span> <span class='ocrx_word' id='word_1_148' title='bbox 886 2169 1077 2226; x_wconf 91' lang='lat' dir='ltr'>monumenti</span> <span class='ocrx_word' id='word_1_149' title='bbox 1102 2167 1243 2226; x_wconf 82' lang='lat' dir='ltr'>columna</span> <span class='ocrx_word' id='word_1_150' title='bbox 1265 2177 1318 2241; x_wconf 86' lang='lat' dir='ltr'>est,</span> 
     </span>
     <span class='ocr_line' id='line_1_19' title="bbox 215 2252 1318 2334; baseline -0.002 -23"><span class='ocrx_word' id='word_1_151' title='bbox 215 2257 248 2311; x_wconf 89' lang='lat' dir='ltr'>in</span> <span class='ocrx_word' id='word_1_152' title='bbox 269 2272 329 2334; x_wconf 91' lang='lat' dir='ltr'>qua</span> <span class='ocrx_word' id='word_1_153' title='bbox 348 2265 517 2333; x_wconf 78' lang='lat' dir='ltr'>pugnantes</span> <span class='ocrx_word' id='word_1_154' title='bbox 535 2255 650 2332; x_wconf 82' lang='lat' dir='ltr'>equites</span> <span class='ocrx_word' id='word_1_155' title='bbox 665 2252 724 2310; x_wconf 91' lang='lat' dir='ltr'>duo</span> <span class='ocrx_word' id='word_1_156' title='bbox 739 2265 916 2328; x_wconf 82' lang='lat' dir='ltr'>cernuntur,</span> <span class='ocrx_word' id='word_1_157' title='bbox 939 2274 1068 2332; x_wconf 88' lang='lat' dir='ltr'>quorum</span> <span class='ocrx_word' id='word_1_158' title='bbox 1079 2256 1137 2319; x_wconf 86' lang='lat' dir='ltr'>uni</span> <span class='ocrx_word' id='word_1_159' title='bbox 1148 2255 1318 2331; x_wconf 75' lang='lat' dir='ltr'>Melampu,</span> 
     </span>
     <span class='ocr_line' id='line_1_20' title="bbox 215 2336 1319 2418; baseline -0.002 -22"><span class='ocrx_word' id='word_1_160' title='bbox 215 2336 303 2397; x_wconf 86' lang='lat' dir='ltr'>alteri</span> <span class='ocrx_word' id='word_1_161' title='bbox 314 2336 480 2397; x_wconf 84' lang='lat' dir='ltr'>Macartato</span> <span class='ocrx_word' id='word_1_162' title='bbox 501 2355 633 2396; x_wconf 88' lang='lat' dir='ltr'>nomen:</span> <span class='ocrx_word' id='word_1_163' title='bbox 665 2340 718 2418; x_wconf 88' lang='lat' dir='ltr'>qui</span> <span class='ocrx_word' id='word_1_164' title='bbox 742 2337 883 2398; x_wconf 85' lang='lat' dir='ltr'>adversus</span> <span class='ocrx_word' id='word_1_165' title='bbox 899 2336 1152 2396; x_wconf 85' lang='lat' dir='ltr'>Lacedaemonios</span> <span class='ocrx_word' id='word_1_166' title='bbox 1173 2350 1202 2396; x_wconf 88' lang='lat' dir='ltr'>et</span> <span class='ocrx_word' id='word_1_167' title='bbox 1221 2341 1319 2395; x_wconf 89' lang='lat' dir='ltr'>Boeo-</span> 
     </span>
     <span class='ocr_line' id='line_1_21' title="bbox 213 2420 1318 2502; baseline -0.002 -21"><span class='ocrx_word' id='word_1_168' title='bbox 213 2424 272 2482; x_wconf 82' lang='lat' dir='ltr'>tios</span> <span class='ocrx_word' id='word_1_169' title='bbox 295 2420 487 2496; x_wconf 84' lang='lat' dir='ltr'>dimicantes,</span> <span class='ocrx_word' id='word_1_170' title='bbox 515 2423 549 2480; x_wconf 83' lang='lat' dir='ltr'>in</span> <span class='ocrx_word' id='word_1_171' title='bbox 575 2424 648 2502; x_wconf 88' lang='lat' dir='ltr'>ipsis</span> <span class='ocrx_word' id='word_1_172' title='bbox 667 2421 864 2481; x_wconf 82' lang='lat' dir='ltr'>Eleouioium</span> <span class='ocrx_word' id='word_1_173' title='bbox 884 2435 914 2482; x_wconf 89' lang='lat' dir='ltr'>et</span> <span class='ocrx_word' id='word_1_174' title='bbox 936 2426 1183 2502; x_wconf 85' lang='lat' dir='ltr'>Tanagraeormn</span> <span class='ocrx_word' id='word_1_175' title='bbox 1209 2423 1318 2480; x_wconf 89' lang='lat' dir='ltr'>finibus</span> 
     </span>
    </p>
   </div>
   <div class='ocr_carea' id='block_1_4' title="bbox 213 2503 1418 2588">
    <p class='ocr_par' dir='ltr' id='par_1_4' title="bbox 213 2503 1418 2588">
     <span class='ocr_line' id='line_1_22' title="bbox 213 2503 1418 2588; baseline -0.002 -21"><span class='ocrx_word' id='word_1_176' title='bbox 213 2506 355 2567; x_wconf 76' lang='lat' dir='ltr'>cecidere.</span> <span class='ocrx_word' id='word_1_177' title='bbox 412 2511 543 2567; x_wconf 84' lang='lat' dir='ltr'>Exstant</span> <span class='ocrx_word' id='word_1_178' title='bbox 566 2517 596 2564; x_wconf 90' lang='lat' dir='ltr'>et</span> <span class='ocrx_word' id='word_1_179' title='bbox 613 2503 835 2567; x_wconf 82' lang='lat' dir='ltr'>Thessalorum</span> <span class='ocrx_word' id='word_1_180' title='bbox 857 2504 994 2588; x_wconf 87' lang='lat' dir='ltr'>equitum</span> <span class='ocrx_word' id='word_1_181' title='bbox 1015 2510 1143 2581; x_wconf 87' lang='lat' dir='ltr'>tumuli,</span> <span class='ocrx_word' id='word_1_182' title='bbox 1185 2511 1241 2587; x_wconf 88' lang='lat' dir='ltr'>qui</span> <span class='ocrx_word' id='word_1_183' title='bbox 1263 2529 1317 2586; x_wconf 86' lang='lat' dir='ltr'>pro</span> <span class='ocrx_word' id='word_1_184' title='bbox 1414 2555 1418 2573; x_wconf 81' lang='lat'><em>,</em></span> 
     </span>
    </p>
   </div>
   <div class='ocr_carea' id='block_1_5' title="bbox 209 2587 1368 3264">
    <p class='ocr_par' dir='ltr' id='par_1_5' title="bbox 209 2587 1368 3264">
     <span class='ocr_line' id='line_1_23' title="bbox 212 2587 1318 2674; baseline -0.001 -24"><span class='ocrx_word' id='word_1_185' title='bbox 212 2604 312 2651; x_wconf 85' lang='lat' dir='ltr'>vetere</span> <span class='ocrx_word' id='word_1_186' title='bbox 326 2587 458 2652; x_wconf 78' lang='lat' dir='ltr'>amicitia</span> <span class='ocrx_word' id='word_1_187' title='bbox 473 2590 707 2651; x_wconf 82' lang='lat' dir='ltr'>Atheniensibus</span> <span class='ocrx_word' id='word_1_188' title='bbox 725 2595 838 2651; x_wconf 82' lang='lat' dir='ltr'>auxilio</span> <span class='ocrx_word' id='word_1_189' title='bbox 853 2605 1009 2668; x_wconf 85' lang='lat' dir='ltr'>venerunt,</span> <span class='ocrx_word' id='word_1_190' title='bbox 1032 2613 1127 2674; x_wconf 89' lang='lat' dir='ltr'>quum</span> <span class='ocrx_word' id='word_1_191' title='bbox 1140 2592 1171 2650; x_wconf 91' lang='lat' dir='ltr'>in</span> <span class='ocrx_word' id='word_1_192' title='bbox 1186 2594 1318 2650; x_wconf 87' lang='lat' dir='ltr'>Atticam</span> 
     </span>
     <span class='ocr_line' id='line_1_24' title="bbox 210 2675 1317 2754; baseline -0.001 -20"><span class='ocrx_word' id='word_1_193' title='bbox 210 2675 438 2754; x_wconf 78' lang='lat' dir='ltr'>Peloponnesii,</span> <span class='ocrx_word' id='word_1_194' title='bbox 463 2677 539 2735; x_wconf 89' lang='lat' dir='ltr'>duce</span> <span class='ocrx_word' id='word_1_195' title='bbox 559 2676 761 2752; x_wconf 84' lang='lat' dir='ltr'>Archidamo,</span> <span class='ocrx_word' id='word_1_196' title='bbox 783 2679 984 2736; x_wconf 79' lang='lat' dir='ltr'>invasissent:</span> <span class='ocrx_word' id='word_1_197' title='bbox 1021 2699 1055 2735; x_wconf 85' lang='lat' dir='ltr'>ac</span> <span class='ocrx_word' id='word_1_198' title='bbox 1079 2675 1246 2735; x_wconf 86' lang='lat' dir='ltr'>secundum</span> <span class='ocrx_word' id='word_1_199' title='bbox 1266 2697 1317 2734; x_wconf 89' lang='lat' dir='ltr'>eos</span> 
     </span>
     <span class='ocr_line' id='line_1_25' title="bbox 211 2758 1317 2838; baseline -0.002 -19"><span class='ocrx_word' id='word_1_200' title='bbox 211 2762 400 2819; x_wconf 82' lang='lat' dir='ltr'>Cretensimn</span> <span class='ocrx_word' id='word_1_201' title='bbox 412 2764 652 2838; x_wconf 85' lang='lat' dir='ltr'>sagittariorum:</span> <span class='ocrx_word' id='word_1_202' title='bbox 674 2758 909 2820; x_wconf 84' lang='lat' dir='ltr'>Atheniensium</span> <span class='ocrx_word' id='word_1_203' title='bbox 930 2783 1048 2835; x_wconf 86' lang='lat' dir='ltr'>rursus,</span> <span class='ocrx_word' id='word_1_204' title='bbox 1072 2758 1232 2818; x_wconf 76' lang='lat' dir='ltr'>Clisthenis</span> <span class='ocrx_word' id='word_1_205' title='bbox 1251 2762 1317 2838; x_wconf 87' lang='lat' dir='ltr'>pri-</span> 
     </span>
     <span class='ocr_line' id='line_1_26' title="bbox 210 2845 1317 2925; baseline 0.001 -23"><span class='ocrx_word' id='word_1_206' title='bbox 210 2865 312 2917; x_wconf 73' lang='lat' dir='ltr'>maun,</span> <span class='ocrx_word' id='word_1_207' title='bbox 340 2845 396 2923; x_wconf 79' lang='lat' dir='ltr'>qui</span> <span class='ocrx_word' id='word_1_208' title='bbox 424 2864 493 2901; x_wconf 87' lang='lat' dir='ltr'>eam</span> <span class='ocrx_word' id='word_1_209' title='bbox 523 2845 657 2902; x_wconf 88' lang='lat' dir='ltr'>tribuum</span> <span class='ocrx_word' id='word_1_210' title='bbox 685 2849 834 2904; x_wconf 85' lang='lat' dir='ltr'>rationem</span> <span class='ocrx_word' id='word_1_211' title='bbox 859 2848 1005 2921; x_wconf 85' lang='lat' dir='ltr'>instituit,</span> <span class='ocrx_word' id='word_1_212' title='bbox 1046 2866 1123 2925; x_wconf 90' lang='lat' dir='ltr'>quae</span> <span class='ocrx_word' id='word_1_213' title='bbox 1150 2848 1317 2904; x_wconf 86' lang='lat' dir='ltr'>etiamnum</span> 
     </span>
     <span class='ocr_line' id='line_1_27' title="bbox 211 2925 1368 3012; baseline 0.003 -24"><span class='ocrx_word' id='word_1_214' title='bbox 211 2926 395 2988; x_wconf 81' lang='lat' dir='ltr'>observatur.</span> <span class='ocrx_word' id='word_1_215' title='bbox 447 2925 593 3008; x_wconf 84' lang='lat' dir='ltr'>Equitum</span> <span class='ocrx_word' id='word_1_216' title='bbox 617 2929 725 2988; x_wconf 87' lang='lat' dir='ltr'>deinde</span> <span class='ocrx_word' id='word_1_217' title='bbox 750 2950 868 3005; x_wconf 84' lang='lat' dir='ltr'>eorum,</span> <span class='ocrx_word' id='word_1_218' title='bbox 905 2935 958 3012; x_wconf 92' lang='lat' dir='ltr'>qui</span> <span class='ocrx_word' id='word_1_219' title='bbox 981 2931 1184 2989; x_wconf 85' lang='lat' dir='ltr'>occubuerunt</span> <span class='ocrx_word' id='word_1_220' title='bbox 1209 2931 1242 2987; x_wconf 89' lang='lat' dir='ltr'>in</span> <span class='ocrx_word' id='word_1_221' title='bbox 1281 2953 1316 2989; x_wconf 90' lang='lat' dir='ltr'>eo</span> <span class='ocrx_word' id='word_1_222' title='bbox 1366 2988 1368 2992; x_wconf 89' lang='lat'><em>.</em></span> 
     </span>
     <span class='ocr_line' id='line_1_28' title="bbox 210 3008 1314 3094; baseline 0.001 -24"><span class='ocrx_word' id='word_1_223' title='bbox 210 3014 343 3093; x_wconf 83' lang='lat' dir='ltr'>proelio,</span> <span class='ocrx_word' id='word_1_224' title='bbox 367 3012 403 3068; x_wconf 81' lang='lat' dir='ltr'>in</span> <span class='ocrx_word' id='word_1_225' title='bbox 424 3032 483 3091; x_wconf 88' lang='lat' dir='ltr'>quo</span> <span class='ocrx_word' id='word_1_226' title='bbox 504 3008 646 3072; x_wconf 85' lang='lat' dir='ltr'>Thessali</span> <span class='ocrx_word' id='word_1_227' title='bbox 668 3035 739 3073; x_wconf 84' lang='lat' dir='ltr'>oum</span> <span class='ocrx_word' id='word_1_228' title='bbox 760 3008 995 3074; x_wconf 83' lang='lat' dir='ltr'>Atheniensibus</span> <span class='ocrx_word' id='word_1_229' title='bbox 1016 3018 1187 3094; x_wconf 83' lang='lat' dir='ltr'>periculum</span> <span class='ocrx_word' id='word_1_230' title='bbox 1205 3015 1314 3074; x_wconf 85' lang='lat' dir='ltr'>adiere.</span> 
     </span>
     <span class='ocr_line' id='line_1_29' title="bbox 209 3096 1315 3181; baseline 0.002 -26"><span class='ocrx_word' id='word_1_231' title='bbox 209 3096 328 3156; x_wconf 87' lang='lat' dir='ltr'>Eodem</span> <span class='ocrx_word' id='word_1_232' title='bbox 356 3097 448 3155; x_wconf 83' lang='lat' dir='ltr'>etiam</span> <span class='ocrx_word' id='word_1_233' title='bbox 481 3096 515 3154; x_wconf 72' lang='lat' dir='ltr'>&#39;in</span> <span class='ocrx_word' id='word_1_234' title='bbox 545 3101 611 3157; x_wconf 84' lang='lat' dir='ltr'>looo</span> <span class='ocrx_word' id='word_1_235' title='bbox 641 3100 783 3159; x_wconf 87' lang='lat' dir='ltr'>Cleonaei</span> <span class='ocrx_word' id='word_1_236' title='bbox 812 3105 920 3176; x_wconf 80' lang='lat' dir='ltr'>iacent,</span> <span class='ocrx_word' id='word_1_237' title='bbox 951 3103 1004 3181; x_wconf 91' lang='lat' dir='ltr'>qui</span> <span class='ocrx_word' id='word_1_238' title='bbox 1031 3121 1101 3158; x_wconf 84' lang='lat' dir='ltr'>cum</span> <span class='ocrx_word' id='word_1_239' title='bbox 1125 3103 1245 3180; x_wconf 82' lang='lat' dir='ltr'>Argivis</span> <span class='ocrx_word' id='word_1_240' title='bbox 1281 3102 1315 3158; x_wconf 78' lang='lat' dir='ltr'>&#39;in</span> 
     </span>
     <span class='ocr_line' id='line_1_30' title="bbox 209 3182 1314 3264; baseline 0.005 -24"><span class='ocrx_word' id='word_1_241' title='bbox 209 3185 342 3240; x_wconf 87' lang='lat' dir='ltr'>Atticam</span> <span class='ocrx_word' id='word_1_242' title='bbox 361 3194 522 3249; x_wconf 57' lang='lat' dir='ltr'>venerant„</span> <span class='ocrx_word' id='word_1_243' title='bbox 559 3186 623 3255; x_wconf 80' lang='lat' dir='ltr'>Qua</span> <span class='ocrx_word' id='word_1_244' title='bbox 645 3197 748 3244; x_wconf 90' lang='lat' dir='ltr'>autem</span> <span class='ocrx_word' id='word_1_245' title='bbox 772 3185 808 3243; x_wconf 90' lang='lat' dir='ltr'>de</span> <span class='ocrx_word' id='word_1_246' title='bbox 831 3207 920 3244; x_wconf 85' lang='lat' dir='ltr'>causa</span> <span class='ocrx_word' id='word_1_247' title='bbox 937 3182 1094 3260; x_wconf 84' lang='lat' dir='ltr'>venerint,</span> <span class='ocrx_word' id='word_1_248' title='bbox 1122 3197 1194 3244; x_wconf 89' lang='lat' dir='ltr'>tunc</span> <span class='ocrx_word' id='word_1_249' title='bbox 1218 3207 1314 3264; x_wconf 87' lang='lat' dir='ltr'>expo-</span> 
     </span>
    </p>
   </div>
   <div class='ocr_carea' id='block_1_6' title="bbox 86 3266 1315 3347">
    <p class='ocr_par' dir='ltr' id='par_1_6' title="bbox 86 3266 1315 3347">
     <span class='ocr_line' id='line_1_31' title="bbox 86 3266 1315 3347; baseline 0.006 -26"><span class='ocrx_word' id='word_1_250' title='bbox 86 3279 105 3347; x_wconf 33' lang='grc' dir='ltr'>ἦ·</span> <span class='ocrx_word' id='word_1_251' title='bbox 209 3287 302 3341; x_wconf 85' lang='lat' dir='ltr'>nam,</span> <span class='ocrx_word' id='word_1_252' title='bbox 331 3287 425 3347; x_wconf 91' lang='lat' dir='ltr'>quum</span> <span class='ocrx_word' id='word_1_253' title='bbox 448 3267 487 3324; x_wconf 90' lang='lat' dir='ltr'>ad</span> <span class='ocrx_word' id='word_1_254' title='bbox 504 3266 686 3346; x_wconf 85' lang='lat' dir='ltr'>Argivorum</span> <span class='ocrx_word' id='word_1_255' title='bbox 712 3292 760 3328; x_wconf 90' lang='lat' dir='ltr'>res</span> <span class='ocrx_word' id='word_1_256' title='bbox 780 3268 967 3329; x_wconf 84' lang='lat' dir='ltr'>descenderit</span> <span class='ocrx_word' id='word_1_257' title='bbox 991 3271 1124 3330; x_wconf 88' lang='lat' dir='ltr'>historia.</span> <span class='ocrx_word' id='word_1_258' title='bbox 1182 3272 1261 3330; x_wconf 87' lang='lat' dir='ltr'>Sunt</span> <span class='ocrx_word' id='word_1_259' title='bbox 1285 3282 1315 3328; x_wconf 89' lang='lat' dir='ltr'>et</span> 
     </span>
    </p>
   </div>
   <div class='ocr_carea' id='block_1_7' title="bbox 209 3349 1313 3432">
    <p class='ocr_par' dir='ltr' id='par_1_7' title="bbox 209 3349 1313 3432">
     <span class='ocr_line' id='line_1_32' title="bbox 209 3349 1313 3432; baseline 0.002 -23"><span class='ocrx_word' id='word_1_260' title='bbox 209 3371 315 3410; x_wconf 84' lang='lat' dir='ltr'>eorum</span> <span class='ocrx_word' id='word_1_261' title='bbox 337 3349 568 3410; x_wconf 89' lang='lat' dir='ltr'>Atheniensium</span> <span class='ocrx_word' id='word_1_262' title='bbox 588 3356 630 3411; x_wconf 88' lang='lat' dir='ltr'>ibi</span> <span class='ocrx_word' id='word_1_263' title='bbox 648 3358 767 3427; x_wconf 88' lang='lat' dir='ltr'>tumuli,</span> <span class='ocrx_word' id='word_1_264' title='bbox 791 3359 843 3432; x_wconf 87' lang='lat' dir='ltr'>qui</span> <span class='ocrx_word' id='word_1_265' title='bbox 858 3366 926 3410; x_wconf 90' lang='lat' dir='ltr'>ante</span> <span class='ocrx_word' id='word_1_266' title='bbox 942 3359 1097 3412; x_wconf 87' lang='lat' dir='ltr'>Persicum</span> <span class='ocrx_word' id='word_1_267' title='bbox 1111 3358 1227 3414; x_wconf 87' lang='lat' dir='ltr'>bellum</span> <span class='ocrx_word' id='word_1_268' title='bbox 1244 3376 1313 3412; x_wconf 86' lang='lat' dir='ltr'>oum</span> 
     </span>
    </p>
   </div>
   <div class='ocr_carea' id='block_1_8' title="bbox 208 3435 1416 3518">
    <p class='ocr_par' dir='ltr' id='par_1_8' title="bbox 208 3435 1416 3518">
     <span class='ocr_line' id='line_1_33' title="bbox 208 3435 1416 3518; baseline -0.001 -22"><span class='ocrx_word' id='word_1_269' title='bbox 208 3438 364 3515; x_wconf 83' lang='lat' dir='ltr'>Aeginetis</span> <span class='ocrx_word' id='word_1_270' title='bbox 383 3449 568 3516; x_wconf 82' lang='lat' dir='ltr'>pugnarunt.</span> <span class='ocrx_word' id='word_1_271' title='bbox 608 3435 659 3516; x_wconf 80' lang='lat'>(6)</span> <span class='ocrx_word' id='word_1_272' title='bbox 682 3440 850 3518; x_wconf 86' lang='lat' dir='ltr'>Aequitatis</span> <span class='ocrx_word' id='word_1_273' title='bbox 877 3449 978 3495; x_wconf 86' lang='lat' dir='ltr'>autem</span> <span class='ocrx_word' id='word_1_274' title='bbox 1000 3442 1214 3518; x_wconf 86' lang='lat' dir='ltr'>plenissimum</span> <span class='ocrx_word' id='word_1_275' title='bbox 1236 3439 1313 3496; x_wconf 89' lang='lat' dir='ltr'>illud</span> <span class='ocrx_word' id='word_1_276' title='bbox 1410 3438 1416 3450; x_wconf 76' lang='lat'>&#39;</span> 
     </span>
    </p>
   </div>
   <div class='ocr_carea' id='block_1_9' title="bbox 243 3579 1313 3660">
    <p class='ocr_par' dir='ltr' id='par_1_9' title="bbox 243 3579 1313 3660">
     <span class='ocr_line' id='line_1_34' title="bbox 243 3579 1313 3660; baseline 0.001 -21"><span class='ocrx_word' id='word_1_277' title='bbox 243 3586 288 3640; x_wconf 83' lang='lat'>26.</span> <span class='ocrx_word' id='word_1_278' title='bbox 307 3579 484 3653; x_wconf 75' lang='grc' dir='ltr'><strong><em>μακρότατος</em></strong></span> <span class='ocrx_word' id='word_1_279' title='bbox 497 3584 585 3653; x_wconf 73' lang='lat' dir='ltr'>Ath.</span> <span class='ocrx_word' id='word_1_280' title='bbox 679 3629 684 3650; x_wconf 37' lang='grc' dir='ltr'><strong><em>ρ</em></strong></span> <span class='ocrx_word' id='word_1_281' title='bbox 776 3581 960 3655; x_wconf 68' lang='grc' dir='ltr'><strong><em>ἀναθήματα,</em></strong></span> <span class='ocrx_word' id='word_1_282' title='bbox 979 3605 1031 3656; x_wconf 87' lang='lat' dir='ltr'>quo</span> <span class='ocrx_word' id='word_1_283' title='bbox 1040 3594 1172 3660; x_wconf 71' lang='lat' dir='ltr'>expuncto</span> <span class='ocrx_word' id='word_1_284' title='bbox 1182 3585 1313 3657; x_wconf 80' lang='grc' dir='ltr'><strong><em>μνήματα</em></strong></span> 
     </span>
    </p>
   </div>
   <div class='ocr_carea' id='block_1_10' title="bbox 238 3653 1393 3725">
    <p class='ocr_par' dir='ltr' id='par_1_10' title="bbox 238 3653 1393 3725">
     <span class='ocr_line' id='line_1_35' title="bbox 238 3653 1393 3725; baseline -0.009 -9"><span class='ocrx_word' id='word_1_285' title='bbox 238 3673 287 3725; x_wconf 70' lang='lat'>27.</span> <span class='ocrx_word' id='word_1_286' title='bbox 306 3669 627 3723; x_wconf 63' lang='lat' dir='ltr'>Maneoovtwvvbssnb,</span> <span class='ocrx_word' id='word_1_287' title='bbox 647 3673 745 3724; x_wconf 57' lang='lat' dir='ltr'>Mam.</span> <span class='ocrx_word' id='word_1_288' title='bbox 777 3657 944 3708; x_wconf 77' lang='lat' dir='ltr'>substitutum</span> <span class='ocrx_word' id='word_1_289' title='bbox 975 3666 1025 3711; x_wconf 86' lang='lat' dir='ltr'>est.</span> <span class='ocrx_word' id='word_1_290' title='bbox 1062 3666 1117 3713; x_wconf 83' lang='lat' dir='ltr'>tum</span> <span class='ocrx_word' id='word_1_291' title='bbox 1143 3653 1311 3714; x_wconf 74' lang='grc' dir='ltr'><strong><em>,κλασθέντα</em></strong></span> <span class='ocrx_word' id='word_1_292' title='bbox 1390 3678 1393 3686; x_wconf 64' lang='lat'><strong><em>¹</em></strong></span> 
     </span>
    </p>
   </div>
   <div class='ocr_carea' id='block_1_11' title="bbox 207 3720 827 3808">
    <p class='ocr_par' dir='ltr' id='par_1_11' title="bbox 207 3720 827 3808">
     <span class='ocr_line' id='line_1_36' title="bbox 207 3720 827 3808; baseline 0.006 -18"><span class='ocrx_word' id='word_1_293' title='bbox 207 3735 301 3791; x_wconf 84' lang='grc' dir='ltr'><strong><em>δάνιον</em></strong></span> <span class='ocrx_word' id='word_1_294' title='bbox 321 3741 357 3792; x_wconf 95' lang='grc' dir='ltr'>Ν.</span> <span class='ocrx_word' id='word_1_295' title='bbox 383 3734 484 3799; x_wconf 76' lang='grc' dir='ltr'><strong><em>ἄλλως·</em></strong></span> <span class='ocrx_word' id='word_1_296' title='bbox 514 3738 745 3808; x_wconf 82' lang='grc' dir='ltr'><strong><em>Λακεδαιμονίων</em></strong></span> <span class='ocrx_word' id='word_1_297' title='bbox 777 3720 827 3793; x_wconf 58' lang='lat' dir='ltr'>Ag·</span> 
     </span>
    </p>
   </div>
   <div class='ocr_carea' id='block_1_12' title="bbox 207 3807 1311 3966">
    <p class='ocr_par' dir='ltr' id='par_1_12' title="bbox 207 3807 1311 3966">
     <span class='ocr_line' id='line_1_37' title="bbox 207 3807 1311 3943; baseline 0.004 -69"><span class='ocrx_word' id='word_1_298' title='bbox 207 3807 261 3860; x_wconf 74' lang='lat' dir='ltr'>NR</span> <span class='ocrx_word' id='word_1_299' title='bbox 279 3808 312 3860; x_wconf 59' lang='lat' dir='ltr'>ad</span> <span class='ocrx_word' id='word_1_300' title='bbox 330 3825 414 3875; x_wconf 63' lang='lat' dir='ltr'><strong>marg·</strong></span> <span class='ocrx_word' id='word_1_301' title='bbox 812 3828 855 3880; x_wconf 79' lang='lat'>30.</span> <span class='ocrx_word' id='word_1_302' title='bbox 868 3819 1000 3880; x_wconf 70' lang='lat' dir='ltr'>divivVa.</span> <span class='ocrx_word' id='word_1_303' title='bbox 1013 3823 1311 3943; x_wconf 49' lang='lat' dir='ltr'>moxovvunatoie&#39;ovvo</span> 
     </span>
     <span class='ocr_line' id='line_1_38' title="bbox 244 3886 1277 3966; baseline 0.003 -22"><span class='ocrx_word' id='word_1_304' title='bbox 244 3893 289 3944; x_wconf 80' lang='lat'>28.</span> <span class='ocrx_word' id='word_1_305' title='bbox 303 3886 453 3952; x_wconf 81' lang='grc' dir='ltr'><strong><em>Ἐλεωνίας</em></strong></span> <span class='ocrx_word' id='word_1_306' title='bbox 465 3893 488 3944; x_wconf 90' lang='grc' dir='ltr'><strong><em>Β</em></strong></span> <span class='ocrx_word' id='word_1_307' title='bbox 504 3910 520 3944; x_wconf 87' lang='lat' dir='ltr'>e</span> <span class='ocrx_word' id='word_1_308' title='bbox 534 3894 603 3948; x_wconf 83' lang='lat' dir='ltr'>coni.</span> <span class='ocrx_word' id='word_1_309' title='bbox 616 3894 744 3948; x_wconf 82' lang='lat' dir='ltr'>Boeelhii</span> <span class='ocrx_word' id='word_1_310' title='bbox 776 3898 848 3966; x_wconf 82' lang='lat' dir='ltr'>(ove</span> <span class='ocrx_word' id='word_1_311' title='bbox 861 3898 948 3966; x_wconf 81' lang='lat' dir='ltr'>corr.)</span> <span class='ocrx_word' id='word_1_312' title='bbox 962 3891 998 3950; x_wconf 74' lang='lat' dir='ltr'>it.</span> <span class='ocrx_word' id='word_1_313' title='bbox 1017 3907 1071 3948; x_wconf 82' lang='lat' dir='ltr'>tum</span> <span class='ocrx_word' id='word_1_314' title='bbox 1081 3891 1215 3948; x_wconf 80' lang='grc' dir='ltr'><strong><em>θετταλολ</em></strong></span> <span class='ocrx_word' id='word_1_315' title='bbox 1251 3898 1277 3947; x_wconf 88' lang='lat' dir='ltr'>b.</span> 
     </span>
    </p>
   </div>
   <div class='ocr_carea' id='block_1_13' title="bbox 126 3959 1311 4127">
    <p class='ocr_par' dir='ltr' id='par_1_13' title="bbox 126 3959 1311 4127">
     <span class='ocr_line' id='line_1_39' title="bbox 126 3959 1311 4035; baseline 0.004 -10"><span class='ocrx_word' id='word_1_316' title='bbox 126 4014 132 4025; x_wconf 79' lang='grc'>,</span> <span class='ocrx_word' id='word_1_317' title='bbox 209 3961 237 4011; x_wconf 80' lang='lat' dir='ltr'>in</span> <span class='ocrx_word' id='word_1_318' title='bbox 252 3959 314 4011; x_wconf 66' lang='lat' dir='ltr'>leet·</span> <span class='ocrx_word' id='word_1_319' title='bbox 335 3960 502 4015; x_wconf 65' lang='lat' dir='ltr'>indicatam</span> <span class='ocrx_word' id='word_1_320' title='bbox 522 3965 582 4029; x_wconf 72' lang='grc' dir='ltr'>νδ</span> <span class='ocrx_word' id='word_1_321' title='bbox 620 3966 744 4017; x_wconf 66' lang='lat' dir='ltr'>rossus</span> <span class='ocrx_word' id='word_1_322' title='bbox 811 3983 855 4034; x_wconf 84' lang='lat'>31.</span> <span class='ocrx_word' id='word_1_323' title='bbox 868 3978 1311 4035; x_wconf 63' lang='lat' dir='ltr'>aaatavatotvmuvsnabaum</span> 
     </span>
     <span class='ocr_line' id='line_1_40' title="bbox 179 3983 979 4127; baseline 0.014 -48"><span class='ocrx_word' id='word_1_324' title='bbox 179 4069 191 4094; x_wconf 80' lang='grc'><em>,</em></span> <span class='ocrx_word' id='word_1_325' title='bbox 209 4029 230 4080; x_wconf 83' lang='lat' dir='ltr'>S</span> <span class='ocrx_word' id='word_1_326' title='bbox 246 4027 276 4079; x_wconf 79' lang='lat' dir='ltr'>in</span> <span class='ocrx_word' id='word_1_327' title='bbox 292 4031 401 4082; x_wconf 72' lang='lat' dir='ltr'>Auster.</span> <span class='ocrx_word' id='word_1_328' title='bbox 421 4029 483 4082; x_wconf 85' lang='lat' dir='ltr'>vide</span> <span class='ocrx_word' id='word_1_329' title='bbox 498 4031 589 4084; x_wconf 75' lang='lat' dir='ltr'>strab.</span> <span class='ocrx_word' id='word_1_330' title='bbox 601 3983 657 4098; x_wconf 72' lang='lat' dir='ltr'>lit,</span> <span class='ocrx_word' id='word_1_331' title='bbox 680 4033 742 4086; x_wconf 81' lang='lat'><strong>405.</strong></span> <span class='ocrx_word' id='word_1_332' title='bbox 775 4044 831 4127; x_wconf 56' lang='grc' dir='ltr'>μετ’</span> <span class='ocrx_word' id='word_1_333' title='bbox 846 4044 908 4118; x_wconf 66' lang='lat'><strong>⁰²07·</strong></span> <span class='ocrx_word' id='word_1_334' title='bbox 927 4052 979 4104; x_wconf 64' lang='lat' dir='ltr'>va,</span> 
     </span>
    </p>
   </div>
   <div class='ocr_carea' id='block_1_14' title="bbox 205 4090 1308 4204">
    <p class='ocr_par' dir='ltr' id='par_1_14' title="bbox 205 4090 1308 4204">
     <span class='ocr_line' id='line_1_41' title="bbox 205 4090 1308 4204; baseline 0.035 -59"><span class='ocrx_word' id='word_1_335' title='bbox 205 4090 458 4157; x_wconf 71' lang='grc' dir='ltr'><strong><em>ἘλενσιαίαςΕδδ</em></strong></span> <span class='ocrx_word' id='word_1_336' title='bbox 475 4099 588 4167; x_wconf 81' lang='lat' dir='ltr'>anteB,</span> <span class='ocrx_word' id='word_1_337' title='bbox 608 4101 743 4158; x_wconf 73' lang='lat' dir='ltr'>cadd—</span> <span class='ocrx_word' id='word_1_338' title='bbox 810 4137 855 4190; x_wconf 50' lang='lat'>32,</span> <span class='ocrx_word' id='word_1_339' title='bbox 880 4132 947 4198; x_wconf 54' lang='grc' dir='ltr'><strong><em>τοὺς</em></strong></span> <span class='ocrx_word' id='word_1_340' title='bbox 966 4144 994 4190; x_wconf 69' lang='lat' dir='ltr'>et</span> <span class='ocrx_word' id='word_1_341' title='bbox 1014 4153 1055 4204; x_wconf 66' lang='lat' dir='ltr'>sq,</span> <span class='ocrx_word' id='word_1_342' title='bbox 1070 4130 1119 4187; x_wconf 74' lang='grc' dir='ltr'>καὶ</span> <span class='ocrx_word' id='word_1_343' title='bbox 1138 4151 1188 4187; x_wconf 88' lang='lat' dir='ltr'>om.</span> <span class='ocrx_word' id='word_1_344' title='bbox 1205 4132 1257 4185; x_wconf 82' lang='lat' dir='ltr'>Va.</span> <span class='ocrx_word' id='word_1_345' title='bbox 1277 4126 1308 4183; x_wconf 89' lang='grc' dir='ltr'>δ’</span> 
     </span>
    </p>
   </div>
   <div class='ocr_carea' id='block_1_15' title="bbox 208 4160 1373 4344">
    <p class='ocr_par' dir='ltr' id='par_1_15' title="bbox 208 4160 1373 4344">
     <span class='ocr_line' id='line_1_42' title="bbox 208 4160 1310 4271; baseline 0.005 -21"><span class='ocrx_word' id='word_1_346' title='bbox 208 4163 273 4217; x_wconf 78' lang='lat' dir='ltr'>M⁰¹</span> <span class='ocrx_word' id='word_1_347' title='bbox 292 4160 401 4227; x_wconf 47' lang='lat' dir='ltr'>&#39;⁰5⁶²ae</span> <span class='ocrx_word' id='word_1_348' title='bbox 414 4167 465 4220; x_wconf 57' lang='grc' dir='ltr'>Μ·</span> <span class='ocrx_word' id='word_1_349' title='bbox 777 4218 828 4256; x_wconf 86' lang='lat' dir='ltr'>on.</span> <span class='ocrx_word' id='word_1_350' title='bbox 846 4205 897 4258; x_wconf 85' lang='lat' dir='ltr'>La.</span> <span class='ocrx_word' id='word_1_351' title='bbox 916 4203 949 4259; x_wconf 82' lang='grc' dir='ltr'><strong><em>δέ</em></strong></span> <span class='ocrx_word' id='word_1_352' title='bbox 967 4199 1023 4260; x_wconf 79' lang='grc' dir='ltr'><strong><em>ἐστι</em></strong></span> <span class='ocrx_word' id='word_1_353' title='bbox 1036 4205 1105 4260; x_wconf 82' lang='lat' dir='ltr'>Vab.</span> <span class='ocrx_word' id='word_1_354' title='bbox 1122 4220 1183 4258; x_wconf 82' lang='lat' dir='ltr'>mox</span> <span class='ocrx_word' id='word_1_355' title='bbox 1201 4198 1310 4271; x_wconf 81' lang='grc' dir='ltr'><strong><em>αίγηνί-</em></strong></span> 
     </span>
     <span class='ocr_line' id='line_1_43' title="bbox 241 4265 1373 4344; baseline 0.011 -23"><span class='ocrx_word' id='word_1_356' title='bbox 241 4265 286 4321; x_wconf 82' lang='lat'>29.</span> <span class='ocrx_word' id='word_1_357' title='bbox 311 4265 339 4320; x_wconf 87' lang='lat' dir='ltr'>in</span> <span class='ocrx_word' id='word_1_358' title='bbox 357 4266 385 4320; x_wconf 94' lang='lat' dir='ltr'>N</span> <span class='ocrx_word' id='word_1_359' title='bbox 407 4269 516 4338; x_wconf 83' lang='lat' dir='ltr'>primum</span> <span class='ocrx_word' id='word_1_360' title='bbox 537 4273 664 4344; x_wconf 65' lang='lat' dir='ltr'>Scriptum</span> <span class='ocrx_word' id='word_1_361' title='bbox 692 4272 744 4326; x_wconf 79' lang='lat' dir='ltr'>fuit</span> <span class='ocrx_word' id='word_1_362' title='bbox 775 4291 826 4335; x_wconf 82' lang='grc' dir='ltr'><strong><em>τας</em></strong></span> <span class='ocrx_word' id='word_1_363' title='bbox 837 4273 896 4328; x_wconf 59' lang='grc' dir='ltr'>θλ).</span> <span class='ocrx_word' id='word_1_364' title='bbox 1372 4280 1373 4284; x_wconf 66' lang='grc'>’</span> 
     </span>
    </p>
   </div>
   <div class='ocr_carea' id='block_1_16' title="bbox 0 0 1440 4846">
    <p class='ocr_par' dir='ltr' id='par_1_16' title="bbox 0 0 1440 4846">
     <span class='ocr_line' id='line_1_44' title="bbox 0 0 1440 4846; baseline 0 5"><span class='ocrx_word' id='word_1_365' title='bbox 0 0 1440 4846; x_wconf 95' lang='lat' dir='ltr'> </span> 
     </span>
    </p>
   </div>
  </div>
 </body>
</html>
