2872 4846
523 239 934 305 ranuncula.
1072 230 1075 235 '
1201 249 1311 309 xxm·

158 407 295 481 Praeter
306 412 460 482 lectiones
474 435 494 481 a
507 413 671 483 Clavierio
686 421 854 506 excerptas
867 417 987 506 passim
999 416 1194 506 inspeximus
1206 418 1302 489 eodi-

157 537 243 607 cem,
279 515 393 583 librum
408 524 553 604 quartum
566 518 754 586 contulimus
767 520 939 608 integrum.

261 614 331 706 11)
359 616 475 687 (index
499 619 664 688 Parisinus
691 620 788 688 1409
813 616 972 714 (Phral.)
996 620 1185 689 chartaceus
1213 642 1299 693 anno

158 719 257 788 1431
273 743 293 787 a
307 720 453 789 Phralite
466 722 603 811 quodam
616 725 753 815 scriptus
769 727 909 793 continet
922 729 1051 812 praeter
1063 725 1129 792 alia
1143 726 1299 812 quaedam

154 822 320 913 Excerpta
334 845 352 891 e
367 822 540 916 Strabone,
565 826 746 917 Pausania,
769 827 874 894 Dione
888 824 961 894 rell.
1014 825 1146 894 Variam
1165 847 1184 894 e
1204 827 1297 896 Pau-

153 927 266 992 saniae
287 925 477 1016 fragmentis
499 929 670 998 lectionem
691 930 834 998 enotavit
854 927 995 998 Sevinus
1021 935 1054 996 et
1079 931 1195 1017 publici
1218 931 1296 999 iuris

153 1027 229 1097 fecit
242 1031 274 1095 in
288 1029 375 1097 Hist.
390 1028 429 1096 de
443 1029 568 1098 l'Acad.
584 1032 615 1098 d.
630 1032 657 1099 Ι.
673 1039 705 1100 et
717 1030 801 1100 Bm.
815 1031 858 1098 P.
872 1030 968 1120 XIV,
988 1053 1020 1121 p.
1037 1029 1110 1099 198
1123 1053 1192 1121 sqq.

259 1126 328 1219 12)
355 1131 470 1201 codex
484 1131 715 1202 Riceardianus
729 1130 819 1227 (R.)
832 1135 1033 1224 chartaceus,
1056 1131 1130 1223 fol,
1157 1136 1294 1224 scriptus
1330 1147 1333 1151 ’

152 1233 282 1302 saeculo
295 1235 375 1324 XV,
401 1237 541 1305 continet
557 1237 637 1305 lolia
650 1236 737 1304 280.
789 1237 923 1305 Manum
944 1241 1095 1325 expertus
1116 1242 1294 1304 estcorrc-

151 1338 279 1403 ctricem
299 1358 380 1426 quae
398 1339 506 1405 varias
528 1340 704 1429 lectiones,
731 1340 901 1428 dequibus
928 1344 1060 1428 postea,
1096 1339 1293 1428 marginibus

149 1438 284 1526 adiecit3
318 1440 378 1507 has
393 1461 503 1508 omnes
518 1442 760 1534 descripsimus,
785 1449 1018 1540 praetereaque
1031 1440 1143 1507 librum
1156 1442 1292 1530 primum
1429 1512 1433 1519 ,

150 1543 336 1609 contulimus
349 1545 528 1634 integrum„
574 1542 728 1614 ceterum
747 1568 812 1613 non
832 1545 894 1614 duo
910 1543 967 1610 sed
985 1565 1067 1610 unus
1088 1548 1138 1610 est
1150 1542 1291 1609 Riccar-

148 1643 279 1731 dianus3
312 1647 344 1711 iu
364 1665 507 1713 errorem
528 1644 732 1717 Siebelisium
753 1645 813 1740 (1,
835 1669 867 1738 p.
881 1639 1019 1734 XXX)
1040 1645 1165 1714 induxit
1181 1643 1291 1730 Nibby

149 1744 202 1837 (p.
215 1742 320 1836 XlV)
335 1746 419 1814 falsa
431 1749 591 1816 reserens.

252 1847 311 1914 13.
335 1845 405 1936 14)
433 1849 719 1921 codieesllleoteei
732 1853 882 1921 suntduo
896 1849 968 1944 (Fa
988 1842 1074 1938 Fb),
1099 1848 1182 1916 alter
1194 1847 1289 1915 Lau·

146 1955 229 2018 rent.
242 1949 330 2019 Plut.
344 1952 433 2020 th.
448 1954 496 2021 X.
508 1956 789 2045 membranaceus,
816 1956 889 2043 iol,
917 1954 1001 2020 alter
1021 1951 1108 2018 Plut.
1129 1949 1204 2018 eod.
1223 1947 1287 2016 XI.

144 2052 253 2119 itidem
265 2057 534 2147 membranaceus,
559 2056 618 2124 sol.
669 2058 812 2145 Uterque
824 2055 1010 2124 nitidissime
1022 2054 1171 2141 scriptus,
1196 2072 1288 2119 mar-

143 2157 221 2245 gine
237 2154 305 2224 lolii
317 2160 409 2247 primi
422 2161 624 2227 circumcirca
635 2161 765 2250 picturis
779 2164 906 2228 ornato.
957 2157 1006 2225 Fb
1029 2156 1071 2223 ad
1081 2157 1203 2221 initium
1216 2154 1288 2219 libri

143 2259 235 2347 primi
255 2260 448 2349 marginalia
460 2262 615 2351 quaedam
628 2263 753 2331 scholia
764 2264 916 2330 continet.
968 2258 1020 2331 De
1040 2259 1079 2325 iis
1101 2254 1288 2325 conferendi

129 2366 217 2455 sunt
228 2360 319 2451 Aug.
334 2362 421 2430 Mar.
434 2364 572 2432 Bandini
586 2364 695 2435 Oatal.
718 2363 811 2457 codd.
829 2382 941 2454 graec.
962 2360 1170 2429 bibliothecae
1191 2358 1286 2426 Lau-

142 2466 225 2528 rent.
246 2462 295 2552 ll,
318 2487 350 2553 p.
367 2466 442 2532 306
455 2490 504 2556 sq.
540 2464 680 2537 Sistens
701 2468 733 2557 Ι,
757 2491 789 2555 p.
805 2465 914 2533 XXX
927 2486 975 2553 sq.
1005 2461 1114 2548 Nibby
1134 2483 1168 2549 p.
1187 2457 1284 2528 XIV.

142 2561 280 2630 Praeter
301 2568 474 2654 specimina
495 2569 650 2655 quaedam
670 2589 691 2632 a
709 2569 800 2634 nobis
823 2572 856 2634 et
875 2588 896 2630 a
915 2567 1096 2631 Francisco'
1113 2562 1167 2631 del
1185 2562 1285 2630 Furia

142 2661 306 2733 Siebelisii
318 2669 445 2734 nomine
463 2674 567 2735 sumta
586 2672 617 2736 in
631 2690 723 2737 usum
736 2674 880 2735 nostrum
892 2666 1081 2734 contulimus
1095 2664 1249 2732 lectiones
1263 2683 1285 2728 a

141 2763 332 2836 Sebastiano
347 2767 474 2860 Oiampi
492 2778 661 2861 excerptas
686 2772 769 2839 etin
789 2769 997 2836 Descrizione
1018 2766 1104 2833 della
1124 2764 1231 2835 Cassa
1252 2764 1285 2831 di

142 2867 274 2957 inselo
296 2870 439 2940 tradotta
461 2873 515 2940 dal
536 2873 641 2944 Greco
664 2873 696 2941 di
715 2872 889 2941 Pausania.
917 2870 1007 2939 Pisa.
1024 2865 1138 2937 1814.
1167 2866 1284 2958 publici

139 2970 342 3040 iurissactas.

246 3070 315 3162 15)
339 3074 455 3146 Oodex
469 3075 615 3146 Venetus
635 3069 732 3167 (Vn)
755 3072 912 3145 ODXlll.
932 3072 991 3143 fol.
1012 3093 1121 3164 mam,
1151 3070 1281 3139 saeculo

140 3175 224 3242 XlV
237 3177 363 3244 videtur
375 3180 523 3266 scriptus.
575 3178 671 3247 Hunc
689 3177 830 3246 codicem
848 3178 888 3242 ab
900 3175 988 3242 Aldo
1001 3195 1077 3243 esse
1092 3193 1281 3266 expressum

140 3284 269 3365 praeter
287 3279 370 3345 alios
389 3282 569 3368 suspicatur
587 3281 684 3347 etiam
702 3278 859 3346 Morellus
880 3276 1032 3345 Biblioth.
1055 3275 1138 3345 lllss.
1161 3277 1279 3344 Graec.

139 3385 171 3446 et
183 3380 278 3472 hat,
302 3382 391 3449 cuius
411 3380 452 3448 de
472 3382 534 3451 hoc
546 3381 654 3450 codice
666 3381 858 3449 iudiciumv.
872 3403 904 3471 p.
921 3378 1007 3446 282.
1059 3379 1193 3446 Falsam
1205 3397 1280 3447 esse

138 3485 349 3571 suspicionem
369 3482 463 3552 docet
484 3484 613 3554 collatio
626 3506 719 3574 quam
728 3484 918 3554 instituimus
934 3483 1006 3551 libri
1016 3482 1120 3572 primi.
1170 3480 1280 3551 Habet

137 3584 251 3653 eadem
264 3586 387 3654 sehoha
397 3585 588 3676 marginalia
601 3608 682 3675 quae
696 3587 757 3654 llb.

242 3682 313 3776 16)
327 3686 445 3758 (lodex
457 3689 689 3778 Neapohtanus
702 3684 778 3781 (N)
790 3685 850 3753 111.
864 3685 907 3754 A.
925 3686 972 3754 16
989 3686 1191 3776 chartaceus,
1202 3681 1276 3776 iol,
1317 3702 1319 3707 ·
1366 3735 1371 3744 .

136 3790 257 3858 saeculi
271 3790 351 3857 XV.
404 3788 605 3860 contulimus
621 3813 692 3859 curn
704 3812 743 3860 eo
756 3792 872 3858 librum
884 3793 1028 3880 primum.

241 3886 312 3982 17)
332 3890 448 3961 (lodex
461 3893 636 3962 Vaticanus
650 3891 739 3987 (vt)
753 3893 954 3984 chartaceus,
974 3891 1033 3962 fol.
1048 3891 1178 3959 saeculo
1191 3886 1277 3956 XVI

135 3996 286 4084 scriptus.
338 3992 493 4080 Quaestio
513 4003 627 4065 exorta
645 4003 713 4088 est,
739 4018 814 4066 num
834 3995 886 4064 hie
905 3994 1008 4064 codex
1030 3993 1156 4062 differat
1171 3992 1211 4058 ab
1235 4008 1275 4058 eo

136 4101 188 4184 qui
207 4097 278 4164 aliis
300 4096 465 4192 Palatinus
486 4107 704 4191 nuncupatum
742 4100 834 4169 nobis
861 4120 955 4167 uuum
981 4094 1176 4185 eundemque
1201 4111 1276 4160 esse

135 4198 327 4270 Vaticanum
335 4207 369 4271 et
378 4199 561 4272 Palatinum
571 4223 625 4273 res
636 4203 764 4275 videtur
775 4204 965 4272 certissima.
978 4196 1018 4272 Si
1026 4196 1276 4284 enim-Nibhyum
