2872 4846
186 247 249 310 raa
640 231 830 304 arrum

185 414 285 507 τορίς
314 439 349 484 τε
366 407 574 508 Ἐφιάλτης,
608 407 650 500 ὃς
676 409 717 484 ed
736 408 866 504 νόμιμα
889 409 930 484 τὰ
945 411 980 459 ⁶⁹
1006 417 1041 484 έν
1059 407 1169 507 Ἀρείῳ
1194 406 1293 508 πάγῳ

187 512 331 608 μάλιστα
377 512 587 612 ἐλυμήνατο,
639 519 696 587 καί
733 521 943 610 Λυκοῦργος
985 512 1005 586 ὃ
1042 509 1293 608 Λυκόφρονος.

30 706 32 711 ,
138 639 170 695 16
189 623 270 713 (16)
293 614 490 716 Λυκούργῳ
514 621 552 690 δὲ
575 622 746 714 ἐπορίσθη
773 621 833 710 μέν
847 619 885 665 ⁷⁰
909 613 1055 690 τιίλαντα
1075 621 1111 704 ἐς
1128 611 1167 688 vd
1185 612 1293 713 δημό-
1358 644 1361 648 “

188 736 266 795 στου
293 726 532 808 πεντακοσίοις
547 719 581 767 ⁷¹
604 725 745 793 tritiora
775 723 832 792 καί
860 720 1096 815 ἑξακισχιλίοις
1129 713 1152 814 ή
1179 715 1293 793 ὅσα72

189 827 362 919 Περικλῆς
386 821 406 896 ὁ
434 822 645 905 Ξανθίππου
666 819 855 920 συνήγαγε,
900 819 1125 919 κατεσκεύασε
1146 823 1184 893 δὲ
1206 845 1295 915 πομ-

186 940 266 999 πεῖα
289 933 331 1021 τῇ
347 933 421 1024 θεῷ
442 929 499 998 καί
521 930 632 1014 Νίκας
645 927 682 974 ta
704 934 841 1022 χρυσᾶς
862 930 919 998 καί
943 930 1136 1022 παρθένοις
1160 921 1296 1017 κόσμου

190 1024 331 1118 ἑκατόν,
354 1031 389 1116 ἐς
404 1031 442 1102 δέ
457 1024 610 1122 πόλεμον
623 1024 714 1102 ὅπλα
733 1033 789 1101 καί
803 1033 883 1125 βέλη
900 1032 957 1101 καί
974 1031 1195 1124 τετρακοσίας
1210 1057 1296 1100 ναυ-

188 1137 362 1226 μαχοῦσιν
379 1131 472 1204 εἶναι
492 1128 660 1228 τριήρεις·
698 1129 959 1227 οἰκοδομήματα
981 1134 1018 1205 δὲ
1040 1134 1207 1203 ἐπετέλεσε
1233 1133 1296 1222 μέν

188 1229 229 1306 τδ
245 1236 397 1328 θέατρον
414 1237 539 1329 ἑτέρων
560 1231 828 1330 ὑπαρξαμένων,
854 1229 898 1313 ,τά
917 1236 955 1306 δέ
972 1238 1026 1306 ἐπί
1047 1239 1110 1329 τῆς
1131 1227 1297 1305 αὐτοῦ74

186 1340 359 1425 πολιτείας
389 1331 412 1410 ii
443 1333 686 1434 ᾠκοδόμησεν,
728 1343 765 1411 ἐν
795 1343 951 1434 Πειραιεῖ
973 1333 1059 1424 νεώς
1089 1340 1175 1408 εἰσιν
1203 1335 1297 1408 οἶκοι
1356 1424 1358 1427 .

187 1435 357 1545 καλχτρδς
378 1447 428 1536 τῷ
441 1441 481 1492 75
504 1446 624 1537 Λυκίῳ
651 1445 853 1537 καλουμένῳ
883 1435 1086 1535 γυμνάσιον.
1143 1434 1210 1509 ὅσα
1233 1441 1296 1531 μέν
1337 1494 1342 1501 -
1394 1532 1400 1542 Ι

188 1527 259 1614 οτίν
290 1536 451 1637 ἀργύρου
481 1547 695 1639 πεποιημένα
717 1531 762 1639 ήν
787 1548 844 1615 καί
872 1549 1028 1640 χρυσοῦ,
1055 1536 1217 1637 Λαχάρης
1237 1545 1295 1612 καί

188 1649 299 1715 ταῦτα
326 1640 472 1772 έσηίλησε
493 1642 731 1742 τυραννήσας·
773 1642 814 1718 τοί
832 1648 869 1719 δέ
892 1641 1155 1741 οἰκοδομήματα
1175 1647 1233 1715 καί
1257 1648 1295 1732 ές

197 1741 207 1770 t

188 1752 281 1840 ημᾶς
298 1749 410 1842 ἔτιην.

188 1975 371 2035 oeciderunt.
415 1979 552 2036 Oratores
566 1997 636 2035 vero
649 1975 824 2055 Ephialtes,
854 1978 906 2056 qui
920 1978 1070 2054 Areopagi
1086 1978 1242 2052 instituta,
1261 1989 1296 2036 ut
1373 1969 1377 1973 ⁹

189 2063 243 2140 qui
259 2065 412 2137 maxime,
432 2064 593 2142 pervertit:
624 2060 693 2142 (16)
716 2064 875 2140 Lycurgus
891 2060 1099 2140 Lycophronis
1118 2062 1213 2136 filius,
1242 2067 1295 2142 qui

187 2148 220 2203 in
247 2146 383 2226 cogenda
401 2149 433 2205 iu
451 2149 610 2227 publicum
634 2149 783 2205 aerarium
810 2148 939 2224 pecunia
963 2148 1112 2204 Periclem
1127 2145 1296 2226 Xanthippi

188 2231 286 2288 lilium
307 2234 459 2310 superavit
475 2233 597 2289 talentis
612 2233 714 2290 sexies
729 2233 814 2289 mille
837 2242 867 2288 et
883 2233 1054 2311 quingentis
1063 2230 1126 2310 (l):
1152 2231 1295 2312 idemque
1387 2287 1390 2292 .

187 2315 227 2373 ad
239 2317 392 2374 Minervae
411 2337 538 2397 pompas
557 2328 733 2376 omamenta
750 2319 861 2389 multa,
886 2328 916 2374 et
931 2336 1035 2375 aureas
1050 2319 1195 2376 Victorias
1210 2337 1294 2375 com-

186 2402 319 2480 paravit,
351 2420 385 2460 ac
401 2403 567 2481 virginibus
588 2413 711 2460 centum
730 2400 881 2459 mundum
896 2401 988 2459 dedit.
1030 2400 1079 2459 Ad
1097 2403 1171 2459 belli
1194 2414 1295 2462 autem
1363 2429 1364 2432 ¹

186 2506 259 2544 usus
279 2497 432 2544 scutorum
452 2498 481 2546 et
496 2490 663 2546 iaculorum
675 2507 836 2545 munerum
851 2488 956 2544 auxit:
988 2487 1113 2544 classem
1130 2489 1295 2565 supplerit,

186 2582 223 2628 ut
244 2570 480 2652 quadringentae
504 2575 640 2631 triremes
666 2571 705 2631 ad
730 2575 854 2630 navales
883 2591 1000 2651 pugnas
1030 2571 1138 2628 deduci
1162 2587 1294 2651 possent.

185 2659 267 2715 Inter
283 2676 373 2734 opera
393 2678 478 2731 vero,
504 2678 581 2738 quae
598 2657 816 2730 exaedificavit,
840 2655 996 2715 theatrum
1018 2667 1079 2731 est,
1104 2657 1185 2735 quod
1199 2679 1294 2735 quum

186 2743 239 2797 alii
259 2739 436 2800 inchoatum
455 2742 663 2821 reliquissent,
696 2746 761 2820 ipse
786 2743 929 2799 absolvit:
958 2762 992 2798 ac
1019 2740 1092 2797 dum
1113 2743 1293 2819 reipublicae

185 2835 354 2902 praeesset,
384 2827 492 2882 navale
508 2828 541 2881 in
556 2828 695 2898 Piraeeo,
724 2836 800 2883 eteo
816 2829 848 2883 in
863 2828 945 2898 looo,
977 2824 1058 2904 quod
1072 2828 1201 2904 Lycium
1218 2827 1295 2884 diei-

185 2920 251 2981 tur,
280 2911 474 2987 gymuasium
499 2912 606 2967 erexit.
648 2913 692 2967 Ac
714 2930 804 2988 opera
821 2909 944 2990 quidem
966 2931 1006 2967 ex
1024 2931 1096 2969 auro
1115 2922 1144 2968 et
1160 2925 1293 2989 argento,

187 3015 264 3072 quae
279 2994 330 3050 ille
350 2994 529 3065 dedicarat,
556 2991 705 3053 Lachares
728 3005 874 3075 tyrannus
896 2998 1035 3054 sustulit:
1067 2995 1202 3055 aedificia
1223 3021 1293 3078 per-

185 3089 319 3139 manent.
990 3092 994 3099 '

216 3289 259 3341 69.
287 3283 322 3341 τοί
350 3306 401 3346 orn.
423 3289 460 3341 Ν.
494 3296 547 3343 tum
571 3283 720 3359 ἐλιμήνατο
755 3281 853 3355 ἑτέραν
877 3290 920 3356 (ω
937 3305 1018 3358 super
1040 3292 1079 3356 α)
1106 3283 1293 3360 δτιαρξαμένω
1404 3357 1407 3363 ,

182 3356 259 3516 Agim
277 3455 391 3530 μὲνοω,
405 3462 484 3516 MV&
753 3359 833 3545 ἰαίίί.
856 3419 942 3492 αὐτῆς
958 3425 1045 3493 Ath.
1076 3433 1130 3480 tum
1158 3421 1180 3479 ai
1204 3424 1289 3498 ηίκοδ.

779 3512 805 3546 a.

216 3566 260 3618 71.
273 3564 405 3617 Meursius
415 3563 581 3631 probantes.
590 3561 720 3614 correxit:
788 3564 832 3615 75.
858 3556 956 3614 καλτδ
970 3557 1042 3628 πρὸς
1059 3563 1099 3634 τῷ
1119 3567 1189 3616 Λυκ.
1215 3564 1291 3617 ΑΧΚ

182 3626 252 3693 ised
266 3629 403 3700 δημόσιον
416 3627 593 3698 πεντήκοντα
603 3630 721 3682 πλείονα
754 3630 956 3683 FCVanLab.
982 3631 1031 3683 καλ
1055 3634 1095 3701 τῷ
1112 3627 1183 3696 πρὸς
1199 3636 1238 3702 τῷ
1258 3638 1291 3686 Λ.

181 3698 229 3753 καί
267 3696 430 3764 ἑξακοσίοις.
478 3699 592 3751 Bekker.
629 3699 721 3752 laudat
755 3700 840 3768 thlg.
865 3697 914 3750 καί
929 3693 1000 3766 πρός
1017 3702 1057 3769 τῷ
1075 3705 1109 3753 Α.
1130 3703 1292 3756 VaMNRPc

181 3769 282 3823 Bdckh.
296 3767 483 3821 Staatehaush.
496 3769 522 3834 l,
541 3786 568 3837 p.
582 3768 645 3834 470,
754 3769 807 3820 SB.
834 3778 888 3820 tum
907 3770 1000 3834 Λυκίη)
1026 3770 1291 3837 PolgNRvnVabM

753 3836 824 3890 Edd.
849 3844 957 3905 praeter
976 3840 1012 3902 B,
1044 3838 1090 3905 qui
1112 3840 1230 3892 Λνκείω.
1256 3870 1292 3879 -

753 3905 855 3958 Deinde
872 3894 923 3957 οὖν
941 3924 992 3958 οτι.
1012 3908 1068 3968 Va3
1092 3924 1140 3974 pro
1161 3927 1191 3959 eo
1203 3892 1292 3961 ‘habet

216 3973 260 4026 73.
287 3972 368 4034 νίκας
386 3972 521 4026 lxxae.
542 3968 717 4064 χρυσοίςλίί).
753 3970 806 4043 χνὶρ
834 3975 891 4038 Vb3
934 3976 1004 4028 idem
1033 3975 1211 4041 τνραννίσας.
1252 3977 1292 4028 La

182 4058 222 4109 sq.
252 4035 283 4092 δὲ
308 4061 360 4095 om.
382 4042 434 4095 Lb.
457 4060 516 4095 mox
538 4039 639 4110 ετέρως
667 4045 717 4096 Va.
754 4041 832 4110 έσησε
849 4061 898 4115 pro
916 4036 1037 4110 dariique.

216 3872 260 3924 72.
280 3866 329 3922 καί
347 3864 400 3924 ὅσα
420 3871 472 3922 Va.
