2872 4846
201 288 268 375 seo
308 261 315 273 ’
665 287 850 345 Annius

198 551 396 642 ‘'minnist‘’
426 567 508 640 παῖς
525 555 563 624 di
573 549 742 640 “’Υλλος
715 561 765 648 ein
779 549 917 650 Γῆς,’
898 549 966 625 ond
987 549 1122 626 τούτου
1143 555 1181 626 di
1201 550 1235 627 6

204 652 313 748 ταμός
342 650 542 750 ὠνομάσθη.
597 652 766 747 Ηρακλέα
793 659 829 728 66
861 651 919 729 diri
950 651 1013 751 τῆν
1044 652 1121 750 παρ’
1147 651 1247 753 Ὀμφ

202 761 285 833 τοτὲ
309 761 443 932 impnoo
467 763 602 831 δίαιταν
618 753 749 831 Υλλον
759 754 836 806 4⁶
816 753 883 832 aad
903 765 970 831 τοῦ
987 766 1150 850 ποταμοῦ
1170 763 1316 871 καλέσαι

202 856 265 934 odo
283 875 390 934 παῑα

203 453 302 548 μῆταλ
334 445 402 523 τόν
422 446 506 523 ὄντα
535 452 714 523 ἐδείκνυον
744 449 869 546 λόγον,
913 447 961 538 ὡς
986 457 1036 546 εἴη
1060 451 1123 542 μὲν
1145 447 1167 523 6
1147 478 1320 755 νναΞ

521 1103 771 1176 ΟΑΡΙΙΨ
822 1107 990 1175 XXXVI.

201 1271 243 1325 De
264 1269 326 1323 ali'rs
350 1267 377 1320 in
400 1267 534 1320 Salamine
559 1269 731 1322 memorandis
756 1298 791 1309 -
813 1270 900 1323 insula
921 1270 1052 1340 Psyttalia
1075 1299 1110 1308 —
1133 1238 1317 1325 monumenti!
1334 1304 1369 1387 ⁸

281 1354 316 1405 -in
341 1352 385 1404 via
408 1370 487 1406 sacra
511 1371 604 1407 versus
622 1354 750 1406 Eleusina
773 1383 809 1391 -—
825 1355 1021 1408 Anthemocrito
1044 1384 1079 1393 —
1096 1354 1174 1406 Scito
1192 1362 1257 1407 vate
1275 1386 1310 1397 -
1334 1390 1341 1411 ι

288 1438 472 1509 Cephisodoro
499 1468 534 1478 -
562 1439 630 1493 bello
655 1440 854 1493 Atheniensium
883 1449 975 1491 contra
1000 1438 1149 1509 Philippum
1178 1438 1310 1493 Demetrii

237 1522 377 1578 ..filium

271 1675 331 1753 Ἐν
347 1685 487 1770 Σαλαμῖ
487 1707 520 1751 νι
474 1681 578 1751 toi
601 1675 826 1773 (ἐπάνειμι
786 1710 851 1776 γαρ
869 1675 958 1767 ἐς
921 1709 982 1752 τον
1000 1683 1229 1774 nocueipsvov
1248 1673 1307 1753 λό-

197 1787 275 1878 γον’)
297 1789 405 1854 τοῦτο
424 1783 486 1872 μὲν
503 1775 696 1875 Ἀρτέμιδός
710 1788 830 1854 ἐστιν
815 1778 929 1875 tendo,
955 1789 1063 1854 τοῦτο
1080 1784 1117 1854 66
1132 1777 1307 1872 τρόκαιον

198 1880 378 1981 ἔοτῆκεν’
360 1877 429 1956 αντὸ
451 1889 514 1977 τῆς
537 1879 702 1976 νίκῆς,“
679 1912 723 1980 ῆν
739 1881 1011 1977 Θεμιστοκλῆς
995 1912 1014 1955 o
1039 1887 1296 1971 Νεοκλέους”
1254 1912 1306 1955 αι-

195 2015 272 2075 τιος
289 1990 341 2083 ἐμὲ
341 2012 419 2059 oeno
439 1987 599 2079 γενέσθαι
621 2000 677 2056 rot
678 2015 697 2073 ς
705 1982 856 2081 Ἕλλησι.
908 1989 966 2057 καλ
990 1984 1188 2081 ΚυχρέωςῙ
1211 1988 1306 2059 ἐστὶν

91 2150 95 2160 .
140 2094 212 2158 u
196 2084 299 2186 νομόν.
351 2082 627 2182 ναυμαχούντων
655 2090 693 2159 δὲ
712 2083 897 2182 Ἀθηναίων
925 2083 1016 2183 πρὸς
1043 2084 1197 2183 Μῆὸους
1213 2082 1308 2183 666.

195 2220 302 2271 κοντα
327 2194 364 2263 ἐν
386 2202 462 2277 ταῖς
482 2186 621 2261 ναυολ2
648 2194 776 2286 λέγεται
800 2196 970 2285 φανῆναι·
1022 2196 1151 2264 τοῦτον
1174 2186 1194 2262 6
1214 2185 1306 2279 θεὸς

160 2298 336 2389 λέχμῆοεν
355 2286 549 2386 Ἀθηναίοις
570 2296 712 2389 Κυχρέα
732 2288 876 2365 εἶναι
837 2319 899 2365 τον
922 2287 1030 2387 ῆμωα.
1087 2296 1143 2386 (2)
1182 2295 1307 2419 Νῆοος

192 2398 230 2469 66
250 2391 353 2491 696³
375 2389 576 2485 Σαλαμῖνός
599 2397 669 2468 ἐστι
687 2397 860 2486 καλουμέν
840 2421 890 2567 νῆ
903 2391 1107 2467 Ψυττάλεια.
1160 2398 1197 2481 ἐς
1216 2388 1302 2468 ταύ-

190 2527 253 2598 την
269 2505 339 2574 τῶν
358 2491 545 2595 βαρβάρων
566 2489 684 2573 66064
710 2501 960 2594 τετρακοσίους
985 2491 1158 2593 ἄκοβῆναι
1177 2499 1301 2593 λέμου-

189 2720 333 2800 species·
371 2723 453 2779 lbie
476 2719 571 2800 Lydis
602 2721 788 2799 antiquitatis
815 2719 904 2797 periti
926 2715 1086 2793 homines,
1119 2738 1197 2797 quae
1224 2737 1299 2779 vero

189 2807 329 2883 propiora
351 2817 435 2881 suut,
473 2804 692 2863 disseruerunt:
728 2805 813 2882 Hylli
833 2802 961 2860 cadaver
984 2801 1062 2860 illud
1084 2821 1166 2861 esse·
1201 2803 1299 2862 fuisse

189 2909 260 2947 vero
280 2891 409 2967 Hyllrnn
429 2892 543 2946 Terrae
567 2890 682 2963 filium,
712 2907 809 2966 aquo
832 2889 961 2964 regionis
981 2888 1089 2944 fluvius
1111 2907 1224 2945 nomen
1244 2907 1298 2945 ac-
1343 2938 1346 2947 .

185 2975 316 3052 ceperit:
357 2985 386 3031 et
405 2975 567 3032 Herculem
597 2983 719 3052 propter
741 2969 904 3050 Omphales
926 2971 1175 3032 consuetudinem
1197 2971 1298 3032 filium

188 3055 226 3116 de
252 3057 385 3115 fluminis
406 3059 529 3117 nomine
556 3059 733 3137 appellasse.

247 3177 325 3234 Car.
347 3180 485 3237 XXXVI.
529 3178 683 3236 Salamine
708 3174 770 3253 (ut,
800 3174 880 3233 unde
905 3177 1024 3233 fueram
1044 3175 1216 3254 digressus,
1244 3197 1296 3234 re-

187 3259 289 3341 deam)
311 3263 426 3321 Diunae
452 3265 602 3342 templum
629 3273 689 3336 est,
732 3271 762 3319 et
786 3271 943 3339 tropaeum
963 3264 997 3317 in
1020 3263 1201 3319 memoriam
1228 3264 1295 3321 eius

187 3347 343 3419 victoriae,
381 3350 465 3406 cuius
495 3347 718 3406 Themistocles
740 3347 860 3403 Neoclis
886 3346 966 3403 filius
994 3347 1116 3404 Graecis
1151 3347 1294 3405 omnibus

187 3443 291 3490 auctor
318 3433 385 3490 fuit.
449 3435 593 3490 Erectnm
617 3430 752 3510 Cyclnreo
779 3433 871 3485 etiam
899 3433 1057 3508 templum.
1121 3431 1294 3490 Commisso

187 3520 268 3591 enim
300 3536 368 3573 cnm
398 3519 497 3574 Persis
520 3518 649 3595 proelio,
690 3515 851 3572 draconem
877 3516 956 3572 inter
980 3534 1073 3572 naves
1096 3526 1294 3593 conspectum

185 3611 371 3661 memorant:
394 3600 431 3659 de
446 3621 505 3679 quo
522 3599 745 3658 sciscitantibus
758 3597 994 3657 Atheniensibus
1008 3597 1179 3678 (lychreum
1193 3601 1293 3659 foisse

186 3683 279 3765 heroa
305 3687 481 3763 Apollinem
515 3684 714 3763 respondisse.
774 3682 821 3762 (2)
856 3687 935 3742 Ante
966 3686 1153 3742 Salaminem
1187 3686 1292 3745 insula

186 3781 240 3872 est,
263 3773 311 3830 oui
323 3771 468 3849 Psyttalia
483 3789 610 3828 nomen:
632 3772 664 3826 in
681 3789 749 3826 eam
764 3789 804 3825 ex
816 3771 975 3826 Persarum
992 3772 1128 3827 exercitu
1141 3768 1290 3850 quadrin-

220 3967 265 4023 45.
280 3963 350 4021 6loo
357 3964 463 4038 ,6lor‚
479 3963 549 4022 ileo
564 3971 614 4024 La.
788 3972 814 4024 2.
835 3965 994 4038 vaootmng
1018 3987 1079 4023 mox
1096 3970 1180 4024 τουτο
1193 3968 1247 4023 Lo

164 4108 174 4131 ι
221 4035 266 4090 4⁶·
284 4008 370 4090 ”²2⁰6
385 4040 436 4091 Vfl·
785 4056 812 4109 3.
837 4050 911 4122 πρὸς
929 4057 1020 4126 LaAg
1055 4065 1109 4111 tum
1136 4050 1211 4109 ἔστιν
1232 4054 1287 4125 Ag.

223 4140 306 4191 οη.
326 4140 456 4193 xxxvi
486 4146 511 4194 1
520 4134 606 4208 ιαιη
607 4140 719 4207 τινας.
751 4074 898 4192 νιττᾶλερια
915 4124 1006 4178 1²ch
1030 4121 1185 4194 ννττάνεια
1200 4123 1296 4197 le-

186 4203 325 4292 Κειχρέως
353 4219 381 4262 et
395 4216 512 4295 postea
533 4158 637 4278 Κιχρέα
666 4210 718 4263 Va
786 4209 814 4262 4.
840 4204 907 4262 ὅσον
926 4227 956 4262 τε
977 4229 1088 4281 saepae.
1111 4213 1225 4265 Poraou.
1249 4240 1286 4253 -

185 4271 223 4348 ῆν
238 4271 326 4351 χρέος
344 4287 371 4333 ot
389 4271 426 4346 ῆν
445 4273 514 4350 χρέα
531 4279 583 4334 La.
748 4272 903 4349 ἡνωμένον
924 4279 972 4334 Va.
1080 4334 1083 4338 ,
1195 4298 1199 4305 ·
