<?xml version="1.0" encoding="UTF-8"?>
<!DOCTYPE html PUBLIC "-//W3C//DTD XHTML 1.0 Transitional//EN"
    "http://www.w3.org/TR/xhtml1/DTD/xhtml1-transitional.dtd">
<html xmlns="http://www.w3.org/1999/xhtml" xml:lang="en" lang="en">
 <head>
  <title>
</title>
<meta http-equiv="Content-Type" content="text/html;charset=utf-8" />
  <meta name='ocr-system' content='tesseract 3.04.00' />
  <meta name='ocr-capabilities' content='ocr_page ocr_carea ocr_par ocr_line ocrx_word'/>
</head>
<body>
  <div class='ocr_page' id='page_1' title='image "./pausaniaedescri01pausgoog_0073.png"; bbox 0 0 2872 4846; ppageno 0'>
   <div class='ocr_carea' id='block_1_1' title="bbox 136 158 918 300">
    <p class='ocr_par' dir='ltr' id='par_1_1' title="bbox 136 158 918 300">
     <span class='ocr_line' id='line_1_1' title="bbox 136 158 918 300; baseline 0.005 -11"><span class='ocrx_word' id='word_1_1' title='bbox 136 229 193 289; x_wconf 83' lang='lat' dir='ltr'><strong>rm</strong></span> <span class='ocrx_word' id='word_1_2' title='bbox 304 167 314 189; x_wconf 47' lang='lat'>⁸</span> <span class='ocrx_word' id='word_1_3' title='bbox 504 158 918 300; x_wconf 76' lang='lat' dir='ltr'><strong>rsisrsrro.</strong></span> 
     </span>
    </p>
   </div>
   <div class='ocr_carea' id='block_1_2' title="bbox 138 393 1286 1007">
    <p class='ocr_par' dir='ltr' id='par_1_2' title="bbox 138 393 1286 1007">
     <span class='ocr_line' id='line_1_2' title="bbox 138 393 1282 491; baseline -0.011 -14"><span class='ocrx_word' id='word_1_4' title='bbox 138 415 204 477; x_wconf 83' lang='lat' dir='ltr'><strong>una</strong></span> <span class='ocrx_word' id='word_1_5' title='bbox 216 397 775 491; x_wconf 80' lang='lat' dir='ltr'><strong>alteravevoculaeratinserenda,</strong></span> <span class='ocrx_word' id='word_1_6' title='bbox 797 418 862 468; x_wconf 89' lang='lat' dir='ltr'><strong>non</strong></span> <span class='ocrx_word' id='word_1_7' title='bbox 875 396 1102 487; x_wconf 87' lang='lat' dir='ltr'><strong>complevimus</strong></span> <span class='ocrx_word' id='word_1_8' title='bbox 1116 393 1177 463; x_wconf 87' lang='lat' dir='ltr'><strong>sed</strong></span> <span class='ocrx_word' id='word_1_9' title='bbox 1188 401 1282 465; x_wconf 87' lang='lat' dir='ltr'><strong>aste·</strong></span> 
     </span>
     <span class='ocr_line' id='line_1_3' title="bbox 139 497 1283 591; baseline -0.012 -12"><span class='ocrx_word' id='word_1_10' title='bbox 139 507 232 579; x_wconf 87' lang='lat' dir='ltr'><strong>riscis</strong></span> <span class='ocrx_word' id='word_1_11' title='bbox 244 508 367 574; x_wconf 89' lang='lat' dir='ltr'><strong>tantum</strong></span> <span class='ocrx_word' id='word_1_12' title='bbox 378 503 469 571; x_wconf 89' lang='lat' dir='ltr'><strong>hiare</strong></span> <span class='ocrx_word' id='word_1_13' title='bbox 481 523 663 573; x_wconf 88' lang='lat' dir='ltr'><strong>sermonem</strong></span> <span class='ocrx_word' id='word_1_14' title='bbox 672 503 890 571; x_wconf 73' lang='lat' dir='ltr'><strong>indicavimus.</strong></span> <span class='ocrx_word' id='word_1_15' title='bbox 943 497 1100 589; x_wconf 80' lang='lat' dir='ltr'><strong>singulas</strong></span> <span class='ocrx_word' id='word_1_16' title='bbox 1114 500 1283 591; x_wconf 82' lang='lat' dir='ltr'><strong>lectiones,</strong></span> 
     </span>
     <span class='ocr_line' id='line_1_4' title="bbox 143 603 1284 702; baseline -0.009 -21"><span class='ocrx_word' id='word_1_17' title='bbox 143 607 227 702; x_wconf 78' lang='lat' dir='ltr'><strong>quod</strong></span> <span class='ocrx_word' id='word_1_18' title='bbox 238 609 378 698; x_wconf 87' lang='lat' dir='ltr'><strong>ingenue</strong></span> <span class='ocrx_word' id='word_1_19' title='bbox 391 604 541 699; x_wconf 81' lang='lat' dir='ltr'><strong>latemur,</strong></span> <span class='ocrx_word' id='word_1_20' title='bbox 567 605 746 698; x_wconf 85' lang='lat' dir='ltr'><strong>delegimus</strong></span> <span class='ocrx_word' id='word_1_21' title='bbox 760 626 858 674; x_wconf 87' lang='lat' dir='ltr'><strong>sensu</strong></span> <span class='ocrx_word' id='word_1_22' title='bbox 871 603 1007 694; x_wconf 86' lang='lat' dir='ltr'><strong>quodam</strong></span> <span class='ocrx_word' id='word_1_23' title='bbox 1019 604 1134 670; x_wconf 91' lang='lat' dir='ltr'><strong>iterata</strong></span> <span class='ocrx_word' id='word_1_24' title='bbox 1144 603 1284 671; x_wconf 88' lang='lat' dir='ltr'><strong>lectione</strong></span> 
     </span>
     <span class='ocr_line' id='line_1_5' title="bbox 141 705 1285 801; baseline -0.01 -19"><span class='ocrx_word' id='word_1_25' title='bbox 141 712 313 782; x_wconf 79' lang='lat' dir='ltr'><strong>informato</strong></span> <span class='ocrx_word' id='word_1_26' title='bbox 334 716 367 778; x_wconf 88' lang='lat' dir='ltr'><strong>et</strong></span> <span class='ocrx_word' id='word_1_27' title='bbox 387 709 615 779; x_wconf 89' lang='lat' dir='ltr'><strong>consuetudine</strong></span> <span class='ocrx_word' id='word_1_28' title='bbox 636 716 793 801; x_wconf 89' lang='lat' dir='ltr'><strong>perpetua</strong></span> <span class='ocrx_word' id='word_1_29' title='bbox 814 709 942 777; x_wconf 87' lang='lat' dir='ltr'><strong>exculto</strong></span> <span class='ocrx_word' id='word_1_30' title='bbox 963 706 1059 796; x_wconf 80' lang='lat' dir='ltr'><strong>ducti,</strong></span> <span class='ocrx_word' id='word_1_31' title='bbox 1084 727 1149 774; x_wconf 91' lang='lat' dir='ltr'><strong>non</strong></span> <span class='ocrx_word' id='word_1_32' title='bbox 1168 705 1285 796; x_wconf 89' lang='lat' dir='ltr'><strong>regula</strong></span> 
     </span>
     <span class='ocr_line' id='line_1_6' title="bbox 144 811 1285 905; baseline -0.011 -18"><span class='ocrx_word' id='word_1_33' title='bbox 144 815 253 887; x_wconf 87' lang='lat' dir='ltr'><strong>subtili</strong></span> <span class='ocrx_word' id='word_1_34' title='bbox 271 811 476 905; x_wconf 66' lang='lat' dir='ltr'><strong>meditatione</strong></span> <span class='ocrx_word' id='word_1_35' title='bbox 496 833 633 905; x_wconf 92' lang='lat' dir='ltr'><strong>operose</strong></span> <span class='ocrx_word' id='word_1_36' title='bbox 653 815 785 882; x_wconf 88' lang='lat' dir='ltr'><strong>inventa</strong></span> <span class='ocrx_word' id='word_1_37' title='bbox 807 847 854 861; x_wconf 94' lang='lat'>-</span> <span class='ocrx_word' id='word_1_38' title='bbox 875 817 995 880; x_wconf 85' lang='lat' dir='ltr'><strong>ortem</strong></span> <span class='ocrx_word' id='word_1_39' title='bbox 1015 811 1099 875; x_wconf 91' lang='lat' dir='ltr'><strong>enim</strong></span> <span class='ocrx_word' id='word_1_40' title='bbox 1112 815 1285 877; x_wconf 74' lang='lat' dir='ltr'><strong>tractamus</strong></span> 
     </span>
     <span class='ocr_line' id='line_1_7' title="bbox 145 911 1286 1007; baseline -0.011 -18"><span class='ocrx_word' id='word_1_41' title='bbox 145 940 211 989; x_wconf 86' lang='lat' dir='ltr'><strong>uon</strong></span> <span class='ocrx_word' id='word_1_42' title='bbox 224 911 457 1007; x_wconf 74' lang='lat' dir='ltr'><strong>disciplinam</strong></span> <span class='ocrx_word' id='word_1_43' title='bbox 479 939 540 1005; x_wconf 89' lang='lat' dir='ltr'><strong>quo</strong></span> <span class='ocrx_word' id='word_1_44' title='bbox 563 936 658 985; x_wconf 85' lang='lat' dir='ltr'><strong>sensu</strong></span> <span class='ocrx_word' id='word_1_45' title='bbox 677 918 741 986; x_wconf 91' lang='lat' dir='ltr'><strong>hoo</strong></span> <span class='ocrx_word' id='word_1_46' title='bbox 762 934 877 984; x_wconf 91' lang='lat' dir='ltr'><strong>nomen</strong></span> <span class='ocrx_word' id='word_1_47' title='bbox 891 932 1047 1003; x_wconf 89' lang='lat' dir='ltr'><strong>usurpare</strong></span> <span class='ocrx_word' id='word_1_48' title='bbox 1060 912 1201 981; x_wconf 83' lang='lat' dir='ltr'><strong>solenus</strong></span> <span class='ocrx_word' id='word_1_49' title='bbox 1218 947 1286 976; x_wconf 86' lang='lat'><strong>-.</strong></span> 
     </span>
    </p>
   </div>
   <div class='ocr_carea' id='block_1_3' title="bbox 24 1016 1288 1112">
    <p class='ocr_par' dir='ltr' id='par_1_3' title="bbox 24 1016 1288 1112">
     <span class='ocr_line' id='line_1_8' title="bbox 24 1016 1288 1112; baseline -0.011 -18"><span class='ocrx_word' id='word_1_50' title='bbox 24 1096 31 1105; x_wconf 74' lang='grc'><em>,</em></span> <span class='ocrx_word' id='word_1_51' title='bbox 146 1020 278 1112; x_wconf 76' lang='lat' dir='ltr'><strong>&#39;l’empli</strong></span> <span class='ocrx_word' id='word_1_52' title='bbox 295 1041 406 1089; x_wconf 89' lang='lat' dir='ltr'><strong>sumus</strong></span> <span class='ocrx_word' id='word_1_53' title='bbox 424 1023 661 1088; x_wconf 69' lang='lat' dir='ltr'><strong>restauratores</strong></span> <span class='ocrx_word' id='word_1_54' title='bbox 680 1022 769 1088; x_wconf 89' lang='lat' dir='ltr'><strong>cuius</strong></span> <span class='ocrx_word' id='word_1_55' title='bbox 786 1018 911 1107; x_wconf 89' lang='lat' dir='ltr'><strong>lapides</strong></span> <span class='ocrx_word' id='word_1_56' title='bbox 930 1017 1045 1105; x_wconf 88' lang='lat' dir='ltr'><strong>partim</strong></span> <span class='ocrx_word' id='word_1_57' title='bbox 1061 1017 1214 1105; x_wconf 86' lang='lat' dir='ltr'><strong>temporis</strong></span> <span class='ocrx_word' id='word_1_58' title='bbox 1234 1016 1288 1081; x_wconf 92' lang='lat' dir='ltr'><strong>in-</strong></span> 
     </span>
    </p>
   </div>
   <div class='ocr_carea' id='block_1_4' title="bbox 147 1115 1370 1831">
    <p class='ocr_par' dir='ltr' id='par_1_4' title="bbox 147 1115 1370 1831">
     <span class='ocr_line' id='line_1_9' title="bbox 147 1115 1370 1214; baseline -0.011 -19"><span class='ocrx_word' id='word_1_59' title='bbox 147 1123 352 1212; x_wconf 68' lang='lat' dir='ltr'><strong>iuriscxcst,</strong></span> <span class='ocrx_word' id='word_1_60' title='bbox 374 1123 491 1214; x_wconf 88' lang='lat' dir='ltr'><strong>partim</strong></span> <span class='ocrx_word' id='word_1_61' title='bbox 508 1123 671 1192; x_wconf 90' lang='lat' dir='ltr'><strong>hominurn</strong></span> <span class='ocrx_word' id='word_1_62' title='bbox 690 1115 852 1212; x_wconf 71' lang='lat' dir='ltr'><strong>iniquitate</strong></span> <span class='ocrx_word' id='word_1_63' title='bbox 873 1120 987 1194; x_wconf 87' lang='lat' dir='ltr'><strong>deiecti</strong></span> <span class='ocrx_word' id='word_1_64' title='bbox 1010 1120 1041 1187; x_wconf 89' lang='lat' dir='ltr'><strong>in</strong></span> <span class='ocrx_word' id='word_1_65' title='bbox 1061 1119 1132 1186; x_wconf 92' lang='lat' dir='ltr'><strong>solo</strong></span> <span class='ocrx_word' id='word_1_66' title='bbox 1153 1117 1289 1209; x_wconf 88' lang='lat' dir='ltr'><strong>dispersi</strong></span> <span class='ocrx_word' id='word_1_67' title='bbox 1367 1138 1370 1143; x_wconf 92' lang='lat'>·</span> 
     </span>
     <span class='ocr_line' id='line_1_10' title="bbox 147 1213 1290 1315; baseline -0.009 -16"><span class='ocrx_word' id='word_1_68' title='bbox 147 1229 266 1299; x_wconf 70' lang='lat' dir='ltr'><strong>amnt.</strong></span> <span class='ocrx_word' id='word_1_69' title='bbox 316 1213 529 1295; x_wconf 72' lang='lat' dir='ltr'><strong>decedentes¹</strong></span> <span class='ocrx_word' id='word_1_70' title='bbox 546 1229 581 1294; x_wconf 88' lang='lat' dir='ltr'><strong>in</strong></span> <span class='ocrx_word' id='word_1_71' title='bbox 601 1227 711 1315; x_wconf 91' lang='lat' dir='ltr'><strong>primis</strong></span> <span class='ocrx_word' id='word_1_72' title='bbox 734 1229 973 1315; x_wconf 80' lang='lat' dir='ltr'><strong>perscrutamur</strong></span> <span class='ocrx_word' id='word_1_73' title='bbox 997 1221 1102 1288; x_wconf 88' lang='lat' dir='ltr'><strong>ideam</strong></span> <span class='ocrx_word' id='word_1_74' title='bbox 1127 1221 1290 1289; x_wconf 79' lang='lat' dir='ltr'><strong>architecti</strong></span> 
     </span>
     <span class='ocr_line' id='line_1_11' title="bbox 149 1323 1291 1419; baseline -0.01 -17"><span class='ocrx_word' id='word_1_75' title='bbox 149 1331 256 1403; x_wconf 84' lang='lat' dir='ltr'><strong>anino</strong></span> <span class='ocrx_word' id='word_1_76' title='bbox 268 1335 467 1418; x_wconf 85' lang='lat' dir='ltr'><strong>conceptam,</strong></span> <span class='ocrx_word' id='word_1_77' title='bbox 490 1327 625 1410; x_wconf 76' lang='lat' dir='ltr'><strong>&#39;aedilicii</strong></span> <span class='ocrx_word' id='word_1_78' title='bbox 636 1328 783 1419; x_wconf 81' lang='lat' dir='ltr'><strong>forman,</strong></span> <span class='ocrx_word' id='word_1_79' title='bbox 809 1333 1012 1417; x_wconf 76' lang='lat' dir='ltr'><strong>structuram,</strong></span> <span class='ocrx_word' id='word_1_80' title='bbox 1035 1327 1215 1411; x_wconf 80' lang='lat' dir='ltr'><strong>iuncturas3</strong></span> <span class='ocrx_word' id='word_1_81' title='bbox 1239 1323 1291 1391; x_wconf 88' lang='lat' dir='ltr'><strong>his</strong></span> 
     </span>
     <span class='ocr_line' id='line_1_12' title="bbox 149 1425 1294 1523; baseline -0.008 -21"><span class='ocrx_word' id='word_1_82' title='bbox 149 1430 432 1514; x_wconf 79' lang='lat' dir='ltr'><strong>demumomnihus</strong></span> <span class='ocrx_word' id='word_1_83' title='bbox 446 1431 528 1500; x_wconf 88' lang='lat' dir='ltr'><strong>hene</strong></span> <span class='ocrx_word' id='word_1_84' title='bbox 539 1433 713 1523; x_wconf 82' lang='lat' dir='ltr'><strong>perspectis</strong></span> <span class='ocrx_word' id='word_1_85' title='bbox 727 1430 968 1500; x_wconf 83' lang='lat' dir='ltr'><strong>restaurationis</strong></span> <span class='ocrx_word' id='word_1_86' title='bbox 981 1449 1060 1517; x_wconf 91' lang='lat' dir='ltr'><strong>opus</strong></span> <span class='ocrx_word' id='word_1_87' title='bbox 1073 1431 1141 1493; x_wconf 86' lang='lat' dir='ltr'><strong>tuto</strong></span> <span class='ocrx_word' id='word_1_88' title='bbox 1153 1425 1294 1517; x_wconf 79' lang='lat' dir='ltr'><strong>aggredi</strong></span> 
     </span>
     <span class='ocr_line' id='line_1_13' title="bbox 150 1529 1292 1625; baseline -0.007 -19"><span class='ocrx_word' id='word_1_89' title='bbox 150 1540 185 1617; x_wconf 80' lang='lat' dir='ltr'><strong>ct</strong></span> <span class='ocrx_word' id='word_1_90' title='bbox 202 1531 328 1625; x_wconf 87' lang='lat' dir='ltr'><strong>lapides</strong></span> <span class='ocrx_word' id='word_1_91' title='bbox 351 1535 512 1625; x_wconf 88' lang='lat' dir='ltr'><strong>proiectos</strong></span> <span class='ocrx_word' id='word_1_92' title='bbox 527 1555 546 1602; x_wconf 99' lang='lat' dir='ltr'><strong>e</strong></span> <span class='ocrx_word' id='word_1_93' title='bbox 559 1542 665 1604; x_wconf 91' lang='lat' dir='ltr'><strong>mente</strong></span> <span class='ocrx_word' id='word_1_94' title='bbox 680 1533 808 1602; x_wconf 85' lang='lat' dir='ltr'><strong>artificis</strong></span> <span class='ocrx_word' id='word_1_95' title='bbox 823 1554 882 1601; x_wconf 93' lang='lat' dir='ltr'><strong>suo</strong></span> <span class='ocrx_word' id='word_1_96' title='bbox 896 1551 1049 1619; x_wconf 89' lang='lat' dir='ltr'><strong>quemque</strong></span> <span class='ocrx_word' id='word_1_97' title='bbox 1062 1529 1134 1596; x_wconf 88' lang='lat' dir='ltr'><strong>loeo</strong></span> <span class='ocrx_word' id='word_1_98' title='bbox 1149 1533 1292 1599; x_wconf 86' lang='lat' dir='ltr'><strong>inserere</strong></span> 
     </span>
     <span class='ocr_line' id='line_1_14' title="bbox 149 1631 1292 1730; baseline -0.003 -25"><span class='ocrx_word' id='word_1_99' title='bbox 149 1657 340 1730; x_wconf 81' lang='lat' dir='ltr'><strong>possumus3</strong></span> <span class='ocrx_word' id='word_1_100' title='bbox 375 1639 431 1718; x_wconf 93' lang='lat' dir='ltr'><strong>ubi</strong></span> <span class='ocrx_word' id='word_1_101' title='bbox 455 1638 501 1705; x_wconf 89' lang='lat' dir='ltr'><strong>ita</strong></span> <span class='ocrx_word' id='word_1_102' title='bbox 526 1638 721 1707; x_wconf 87' lang='lat' dir='ltr'><strong>destructum</strong></span> <span class='ocrx_word' id='word_1_103' title='bbox 745 1643 796 1706; x_wconf 84' lang='lat' dir='ltr'><strong>cst</strong></span> <span class='ocrx_word' id='word_1_104' title='bbox 821 1634 995 1705; x_wconf 87' lang='lat' dir='ltr'><strong>aedilicium</strong></span> <span class='ocrx_word' id='word_1_105' title='bbox 1020 1638 1056 1701; x_wconf 89' lang='lat' dir='ltr'><strong>ut</strong></span> <span class='ocrx_word' id='word_1_106' title='bbox 1081 1631 1170 1700; x_wconf 89' lang='lat' dir='ltr'><strong>nullo</strong></span> <span class='ocrx_word' id='word_1_107' title='bbox 1197 1631 1292 1701; x_wconf 90' lang='lat' dir='ltr'><strong>modo</strong></span> 
     </span>
     <span class='ocr_line' id='line_1_15' title="bbox 151 1734 1295 1831; baseline -0.006 -21"><span class='ocrx_word' id='word_1_108' title='bbox 151 1738 318 1828; x_wconf 70' lang='lat' dir='ltr'><strong>architecti</strong></span> <span class='ocrx_word' id='word_1_109' title='bbox 332 1737 406 1807; x_wconf 87' lang='lat' dir='ltr'><strong>idea</strong></span> <span class='ocrx_word' id='word_1_110' title='bbox 427 1741 497 1808; x_wconf 87' lang='lat' dir='ltr'><strong>erui</strong></span> <span class='ocrx_word' id='word_1_111' title='bbox 514 1741 618 1831; x_wconf 87' lang='lat' dir='ltr'><strong>possit</strong></span> <span class='ocrx_word' id='word_1_112' title='bbox 637 1742 711 1810; x_wconf 94' lang='lat' dir='ltr'><strong>lusu</strong></span> <span class='ocrx_word' id='word_1_113' title='bbox 731 1740 868 1828; x_wconf 85' lang='lat' dir='ltr'><strong>quodam</strong></span> <span class='ocrx_word' id='word_1_114' title='bbox 887 1737 1009 1830; x_wconf 89' lang='lat' dir='ltr'><strong>ingenii</strong></span> <span class='ocrx_word' id='word_1_115' title='bbox 1028 1737 1224 1803; x_wconf 85' lang='lat' dir='ltr'><strong>instauratur</strong></span> <span class='ocrx_word' id='word_1_116' title='bbox 1239 1734 1295 1805; x_wconf 84' lang='lat' dir='ltr'><strong>vel</strong></span> 
     </span>
    </p>
   </div>
   <div class='ocr_carea' id='block_1_5' title="bbox 49 1837 1296 1931">
    <p class='ocr_par' dir='ltr' id='par_1_5' title="bbox 49 1837 1296 1931">
     <span class='ocr_line' id='line_1_16' title="bbox 49 1837 1296 1931; baseline -0.004 -20"><span class='ocrx_word' id='word_1_117' title='bbox 49 1905 53 1911; x_wconf 13' lang='grc' dir='ltr'><em>Δ</em></span> <span class='ocrx_word' id='word_1_118' title='bbox 152 1840 272 1915; x_wconf 87' lang='lat' dir='ltr'><strong>rudera</strong></span> <span class='ocrx_word' id='word_1_119' title='bbox 283 1841 402 1910; x_wconf 90' lang='lat' dir='ltr'><strong>intacta</strong></span> <span class='ocrx_word' id='word_1_120' title='bbox 412 1843 642 1931; x_wconf 86' lang='lat' dir='ltr'><strong>rehoquuntur.</strong></span> <span class='ocrx_word' id='word_1_121' title='bbox 693 1841 820 1912; x_wconf 78' lang='lat' dir='ltr'><strong>horem</strong></span> <span class='ocrx_word' id='word_1_122' title='bbox 834 1839 928 1912; x_wconf 92' lang='lat' dir='ltr'><strong>modo</strong></span> <span class='ocrx_word' id='word_1_123' title='bbox 942 1847 975 1909; x_wconf 88' lang='lat' dir='ltr'><strong>ot</strong></span> <span class='ocrx_word' id='word_1_124' title='bbox 988 1860 1049 1907; x_wconf 91' lang='lat' dir='ltr'><strong>nos</strong></span> <span class='ocrx_word' id='word_1_125' title='bbox 1063 1837 1239 1906; x_wconf 83' lang='lat' dir='ltr'><strong>accedimus</strong></span> <span class='ocrx_word' id='word_1_126' title='bbox 1253 1837 1296 1907; x_wconf 90' lang='lat' dir='ltr'><strong>ad</strong></span> 
     </span>
    </p>
   </div>
   <div class='ocr_carea' id='block_1_6' title="bbox 152 1942 1300 2448">
    <p class='ocr_par' dir='ltr' id='par_1_6' title="bbox 152 1942 1300 2448">
     <span class='ocr_line' id='line_1_17' title="bbox 152 1942 1297 2038; baseline -0.005 -22"><span class='ocrx_word' id='word_1_127' title='bbox 152 1942 360 2016; x_wconf 79' lang='lat' dir='ltr'><strong>instauranda</strong></span> <span class='ocrx_word' id='word_1_128' title='bbox 385 1946 577 2035; x_wconf 87' lang='lat' dir='ltr'><strong>antiquitatis</strong></span> <span class='ocrx_word' id='word_1_129' title='bbox 603 1955 703 2038; x_wconf 89' lang='lat' dir='ltr'><strong>opera</strong></span> <span class='ocrx_word' id='word_1_130' title='bbox 724 1946 886 2032; x_wconf 80' lang='lat' dir='ltr'><strong>literaria3</strong></span> <span class='ocrx_word' id='word_1_131' title='bbox 920 1943 1115 2013; x_wconf 85' lang='lat' dir='ltr'><strong>restituimus</strong></span> <span class='ocrx_word' id='word_1_132' title='bbox 1137 1962 1217 2030; x_wconf 89' lang='lat' dir='ltr'><strong>quae</strong></span> <span class='ocrx_word' id='word_1_133' title='bbox 1238 1963 1297 2033; x_wconf 86' lang='lat' dir='ltr'><strong>per</strong></span> 
     </span>
     <span class='ocr_line' id='line_1_18' title="bbox 153 2045 1298 2142; baseline -0.003 -23"><span class='ocrx_word' id='word_1_134' title='bbox 153 2045 366 2119; x_wconf 80' lang='lat' dir='ltr'><strong>subsidiorum</strong></span> <span class='ocrx_word' id='word_1_135' title='bbox 377 2048 589 2120; x_wconf 89' lang='lat' dir='ltr'><strong>conditionem</strong></span> <span class='ocrx_word' id='word_1_136' title='bbox 602 2050 782 2142; x_wconf 89' lang='lat' dir='ltr'><strong>ingeniique</strong></span> <span class='ocrx_word' id='word_1_137' title='bbox 796 2047 998 2134; x_wconf 83' lang='lat' dir='ltr'><strong>vircslicuit3</strong></span> <span class='ocrx_word' id='word_1_138' title='bbox 1022 2045 1075 2112; x_wconf 89' lang='lat' dir='ltr'><strong>ubi</strong></span> <span class='ocrx_word' id='word_1_139' title='bbox 1088 2046 1194 2112; x_wconf 91' lang='lat' dir='ltr'><strong>omnia</strong></span> <span class='ocrx_word' id='word_1_140' title='bbox 1205 2050 1298 2115; x_wconf 90' lang='lat' dir='ltr'><strong>eraut</strong></span> 
     </span>
     <span class='ocr_line' id='line_1_19' title="bbox 154 2146 1160 2234; baseline -0.009 -11"><span class='ocrx_word' id='word_1_141' title='bbox 154 2149 318 2234; x_wconf 69' lang='lat' dir='ltr'><strong>destructa</strong></span> <span class='ocrx_word' id='word_1_142' title='bbox 330 2150 448 2220; x_wconf 88' lang='lat' dir='ltr'><strong>rudera</strong></span> <span class='ocrx_word' id='word_1_143' title='bbox 459 2157 582 2222; x_wconf 89' lang='lat' dir='ltr'><strong>tantum</strong></span> <span class='ocrx_word' id='word_1_144' title='bbox 593 2173 785 2221; x_wconf 87' lang='lat' dir='ltr'><strong>conservare</strong></span> <span class='ocrx_word' id='word_1_145' title='bbox 798 2153 989 2222; x_wconf 88' lang='lat' dir='ltr'><strong>tutissimum</strong></span> <span class='ocrx_word' id='word_1_146' title='bbox 1002 2146 1160 2216; x_wconf 86' lang='lat' dir='ltr'><strong>duximus.</strong></span> 
     </span>
     <span class='ocr_line' id='line_1_20' title="bbox 258 2250 1299 2344; baseline -0.001 -21"><span class='ocrx_word' id='word_1_147' title='bbox 258 2250 391 2323; x_wconf 89' lang='lat' dir='ltr'><strong>Nullam</strong></span> <span class='ocrx_word' id='word_1_148' title='bbox 406 2255 579 2324; x_wconf 88' lang='lat' dir='ltr'><strong>lectionem</strong></span> <span class='ocrx_word' id='word_1_149' title='bbox 598 2257 673 2323; x_wconf 86' lang='lat' dir='ltr'><strong>sine</strong></span> <span class='ocrx_word' id='word_1_150' title='bbox 682 2258 766 2323; x_wconf 88' lang='lat' dir='ltr'><strong>iusta</strong></span> <span class='ocrx_word' id='word_1_151' title='bbox 778 2256 902 2323; x_wconf 89' lang='lat' dir='ltr'><strong>ratione</strong></span> <span class='ocrx_word' id='word_1_152' title='bbox 915 2274 935 2319; x_wconf 95' lang='lat' dir='ltr'><strong>a</strong></span> <span class='ocrx_word' id='word_1_153' title='bbox 946 2253 1036 2321; x_wconf 89' lang='lat' dir='ltr'><strong>nohis</strong></span> <span class='ocrx_word' id='word_1_154' title='bbox 1050 2271 1124 2318; x_wconf 88' lang='lat' dir='ltr'><strong>esse</strong></span> <span class='ocrx_word' id='word_1_155' title='bbox 1136 2258 1299 2344; x_wconf 84' lang='lat' dir='ltr'><strong>receptam</strong></span> 
     </span>
     <span class='ocr_line' id='line_1_21' title="bbox 156 2352 1300 2448; baseline -0.003 -21"><span class='ocrx_word' id='word_1_156' title='bbox 156 2352 265 2447; x_wconf 80' lang='lat' dir='ltr'><strong>facile,</strong></span> <span class='ocrx_word' id='word_1_157' title='bbox 287 2357 336 2423; x_wconf 90' lang='lat' dir='ltr'><strong>sie</strong></span> <span class='ocrx_word' id='word_1_158' title='bbox 347 2376 527 2447; x_wconf 83' lang='lat' dir='ltr'><strong>speramus,</strong></span> <span class='ocrx_word' id='word_1_159' title='bbox 552 2356 703 2426; x_wconf 87' lang='lat' dir='ltr'><strong>videbunt</strong></span> <span class='ocrx_word' id='word_1_160' title='bbox 722 2357 774 2447; x_wconf 88' lang='lat' dir='ltr'><strong>qhi</strong></span> <span class='ocrx_word' id='word_1_161' title='bbox 791 2379 857 2427; x_wconf 90' lang='lat' dir='ltr'><strong>non</strong></span> <span class='ocrx_word' id='word_1_162' title='bbox 875 2376 934 2448; x_wconf 91' lang='lat' dir='ltr'><strong>per</strong></span> <span class='ocrx_word' id='word_1_163' title='bbox 951 2361 1157 2423; x_wconf 87' lang='lat' dir='ltr'><strong>transennam</strong></span> <span class='ocrx_word' id='word_1_164' title='bbox 1178 2360 1300 2423; x_wconf 88' lang='lat' dir='ltr'><strong>tantum</strong></span> 
     </span>
    </p>
   </div>
   <div class='ocr_carea' id='block_1_7' title="bbox 17 2458 1299 2550">
    <p class='ocr_par' dir='ltr' id='par_1_7' title="bbox 17 2458 1299 2550">
     <span class='ocr_line' id='line_1_22' title="bbox 17 2458 1299 2550; baseline -0.003 -21"><span class='ocrx_word' id='word_1_165' title='bbox 17 2502 20 2513; x_wconf 44' lang='grc' dir='ltr'><strong><em>ι</em></strong></span> <span class='ocrx_word' id='word_1_166' title='bbox 158 2460 418 2539; x_wconf 87' lang='lat' dir='ltr'><strong>commentarium</strong></span> <span class='ocrx_word' id='word_1_167' title='bbox 435 2465 581 2530; x_wconf 88' lang='lat' dir='ltr'><strong>nostrum</strong></span> <span class='ocrx_word' id='word_1_168' title='bbox 599 2460 792 2550; x_wconf 81' lang='lat' dir='ltr'><strong>adspiciunt3</strong></span> <span class='ocrx_word' id='word_1_169' title='bbox 819 2460 890 2549; x_wconf 73' lang='lat' dir='ltr'><strong>aliis</strong></span> <span class='ocrx_word' id='word_1_170' title='bbox 904 2458 1043 2540; x_wconf 85' lang='lat' dir='ltr'><strong>fortasse</strong></span> <span class='ocrx_word' id='word_1_171' title='bbox 1056 2459 1162 2526; x_wconf 88' lang='lat' dir='ltr'><strong>multis</strong></span> <span class='ocrx_word' id='word_1_172' title='bbox 1175 2460 1207 2524; x_wconf 91' lang='lat' dir='ltr'><strong>in</strong></span> <span class='ocrx_word' id='word_1_173' title='bbox 1218 2459 1299 2526; x_wconf 88' lang='lat' dir='ltr'><strong>locis</strong></span> 
     </span>
    </p>
   </div>
   <div class='ocr_carea' id='block_1_8' title="bbox 80 2554 1307 3681">
    <p class='ocr_par' dir='ltr' id='par_1_8' title="bbox 80 2554 1307 3681">
     <span class='ocr_line' id='line_1_23' title="bbox 158 2554 1301 2654; baseline 0.001 -27"><span class='ocrx_word' id='word_1_174' title='bbox 158 2560 243 2645; x_wconf 84' lang='lat' dir='ltr'><strong>aliae</strong></span> <span class='ocrx_word' id='word_1_175' title='bbox 259 2561 475 2651; x_wconf 86' lang='lat' dir='ltr'><strong>probabuntur</strong></span> <span class='ocrx_word' id='word_1_176' title='bbox 492 2563 634 2630; x_wconf 87' lang='lat' dir='ltr'><strong>rationes</strong></span> <span class='ocrx_word' id='word_1_177' title='bbox 647 2562 757 2651; x_wconf 85' lang='lat' dir='ltr'><strong>quihus</strong></span> <span class='ocrx_word' id='word_1_178' title='bbox 769 2584 829 2632; x_wconf 90' lang='lat' dir='ltr'><strong>nos</strong></span> <span class='ocrx_word' id='word_1_179' title='bbox 840 2554 1031 2654; x_wconf 86' lang='lat' dir='ltr'><strong>applausum</strong></span> <span class='ocrx_word' id='word_1_180' title='bbox 1042 2581 1107 2627; x_wconf 90' lang='lat' dir='ltr'><strong>non</strong></span> <span class='ocrx_word' id='word_1_181' title='bbox 1122 2561 1301 2652; x_wconf 85' lang='lat' dir='ltr'><strong>denegabi-</strong></span> 
     </span>
     <span class='ocr_line' id='line_1_24' title="bbox 157 2660 1302 2753; baseline -0.006 -16"><span class='ocrx_word' id='word_1_182' title='bbox 157 2683 229 2737; x_wconf 83' lang='lat' dir='ltr'><strong>mus</strong></span> <span class='ocrx_word' id='word_1_183' title='bbox 253 2662 307 2730; x_wconf 87' lang='lat' dir='ltr'><strong>ubi</strong></span> <span class='ocrx_word' id='word_1_184' title='bbox 329 2665 460 2732; x_wconf 88' lang='lat' dir='ltr'><strong>veriora</strong></span> <span class='ocrx_word' id='word_1_185' title='bbox 485 2665 524 2732; x_wconf 88' lang='lat' dir='ltr'><strong>ab</strong></span> <span class='ocrx_word' id='word_1_186' title='bbox 550 2666 588 2733; x_wconf 90' lang='lat' dir='ltr'><strong>iis</strong></span> <span class='ocrx_word' id='word_1_187' title='bbox 612 2685 686 2733; x_wconf 86' lang='lat' dir='ltr'><strong>esse</strong></span> <span class='ocrx_word' id='word_1_188' title='bbox 704 2667 836 2733; x_wconf 88' lang='lat' dir='ltr'><strong>inventa</strong></span> <span class='ocrx_word' id='word_1_189' title='bbox 854 2662 1097 2753; x_wconf 86' lang='lat' dir='ltr'><strong>persuademur.</strong></span> <span class='ocrx_word' id='word_1_190' title='bbox 1147 2660 1302 2730; x_wconf 77' lang='lat' dir='ltr'><strong>Ceterum</strong></span> 
     </span>
     <span class='ocr_line' id='line_1_25' title="bbox 144 2764 1302 2858; baseline -0.003 -23"><span class='ocrx_word' id='word_1_191' title='bbox 144 2768 303 2848; x_wconf 52' lang='lat' dir='ltr'><strong>‚rationes</strong></span> <span class='ocrx_word' id='word_1_192' title='bbox 317 2765 436 2834; x_wconf 86' lang='lat' dir='ltr'><strong>addere</strong></span> <span class='ocrx_word' id='word_1_193' title='bbox 455 2768 564 2856; x_wconf 82' lang='lat' dir='ltr'><strong>quibus</strong></span> <span class='ocrx_word' id='word_1_194' title='bbox 586 2765 670 2835; x_wconf 91' lang='lat' dir='ltr'><strong>ducti</strong></span> <span class='ocrx_word' id='word_1_195' title='bbox 683 2768 820 2858; x_wconf 86' lang='lat' dir='ltr'><strong>siugulis</strong></span> <span class='ocrx_word' id='word_1_196' title='bbox 834 2769 868 2833; x_wconf 95' lang='lat' dir='ltr'><strong>in</strong></span> <span class='ocrx_word' id='word_1_197' title='bbox 881 2765 962 2833; x_wconf 88' lang='lat' dir='ltr'><strong>locis</strong></span> <span class='ocrx_word' id='word_1_198' title='bbox 981 2765 1027 2829; x_wconf 88' lang='lat' dir='ltr'><strong>sic</strong></span> <span class='ocrx_word' id='word_1_199' title='bbox 1046 2782 1106 2829; x_wconf 90' lang='lat' dir='ltr'><strong>nec</strong></span> <span class='ocrx_word' id='word_1_200' title='bbox 1120 2764 1214 2832; x_wconf 87' lang='lat' dir='ltr'><strong>aliter</strong></span> <span class='ocrx_word' id='word_1_201' title='bbox 1228 2765 1302 2832; x_wconf 90' lang='lat' dir='ltr'><strong>edi-</strong></span> 
     </span>
     <span class='ocr_line' id='line_1_26' title="bbox 161 2865 1302 2957; baseline -0.001 -20"><span class='ocrx_word' id='word_1_202' title='bbox 161 2865 320 2957; x_wconf 82' lang='lat' dir='ltr'><strong>derimus,</strong></span> <span class='ocrx_word' id='word_1_203' title='bbox 343 2889 409 2937; x_wconf 89' lang='lat' dir='ltr'><strong>non</strong></span> <span class='ocrx_word' id='word_1_204' title='bbox 429 2871 587 2938; x_wconf 86' lang='lat' dir='ltr'><strong>concessit</strong></span> <span class='ocrx_word' id='word_1_205' title='bbox 607 2872 740 2938; x_wconf 90' lang='lat' dir='ltr'><strong>instituti</strong></span> <span class='ocrx_word' id='word_1_206' title='bbox 752 2869 856 2938; x_wconf 91' lang='lat' dir='ltr'><strong>nostri</strong></span> <span class='ocrx_word' id='word_1_207' title='bbox 868 2865 1025 2952; x_wconf 84' lang='lat' dir='ltr'><strong>conditio3</strong></span> <span class='ocrx_word' id='word_1_208' title='bbox 1052 2874 1221 2955; x_wconf 88' lang='lat' dir='ltr'><strong>apparatus</strong></span> <span class='ocrx_word' id='word_1_209' title='bbox 1235 2871 1302 2936; x_wconf 88' lang='lat' dir='ltr'><strong>cri·</strong></span> 
     </span>
     <span class='ocr_line' id='line_1_27' title="bbox 161 2967 1303 3060; baseline -0.001 -19"><span class='ocrx_word' id='word_1_210' title='bbox 161 2971 242 3041; x_wconf 75' lang='lat' dir='ltr'><strong>ticum</strong></span> <span class='ocrx_word' id='word_1_211' title='bbox 256 2969 446 3060; x_wconf 85' lang='lat' dir='ltr'><strong>plerumque</strong></span> <span class='ocrx_word' id='word_1_212' title='bbox 463 2975 601 3041; x_wconf 89' lang='lat' dir='ltr'><strong>trutinae</strong></span> <span class='ocrx_word' id='word_1_213' title='bbox 622 2973 684 3041; x_wconf 89' lang='lat' dir='ltr'><strong>erit</strong></span> <span class='ocrx_word' id='word_1_214' title='bbox 707 2974 809 3040; x_wconf 86' lang='lat' dir='ltr'><strong>instar</strong></span> <span class='ocrx_word' id='word_1_215' title='bbox 835 2989 898 3060; x_wconf 88' lang='lat' dir='ltr'><strong>qua</strong></span> <span class='ocrx_word' id='word_1_216' title='bbox 921 2967 1138 3060; x_wconf 88' lang='lat' dir='ltr'><strong>ponderentur·</strong></span> <span class='ocrx_word' id='word_1_217' title='bbox 1162 2973 1303 3040; x_wconf 88' lang='lat' dir='ltr'><strong>rationes</strong></span> 
     </span>
     <span class='ocr_line' id='line_1_28' title="bbox 162 3072 1276 3167; baseline -0.005 -21"><span class='ocrx_word' id='word_1_218' title='bbox 162 3076 312 3162; x_wconf 57' lang='lat' dir='ltr'><strong>nostram</strong></span> <span class='ocrx_word' id='word_1_219' title='bbox 333 3072 465 3143; x_wconf 89' lang='lat' dir='ltr'><strong>delocis</strong></span> <span class='ocrx_word' id='word_1_220' title='bbox 478 3073 663 3167; x_wconf 86' lang='lat' dir='ltr'><strong>quibusdam</strong></span> <span class='ocrx_word' id='word_1_221' title='bbox 674 3077 835 3166; x_wconf 90' lang='lat' dir='ltr'><strong>copiosius</strong></span> <span class='ocrx_word' id='word_1_222' title='bbox 852 3072 936 3141; x_wconf 84' lang='lat' dir='ltr'><strong>intra</strong></span> <span class='ocrx_word' id='word_1_223' title='bbox 948 3075 1153 3163; x_wconf 86' lang='lat' dir='ltr'><strong>exponetur.&#39;</strong></span> <span class='ocrx_word' id='word_1_224' title='bbox 1273 3159 1276 3166; x_wconf 24' lang='grc' dir='ltr'>Ι</span> 
     </span>
     <span class='ocr_line' id='line_1_29' title="bbox 265 3173 1305 3269; baseline 0.001 -25"><span class='ocrx_word' id='word_1_225' title='bbox 265 3175 317 3244; x_wconf 87' lang='lat' dir='ltr'><strong>De</strong></span> <span class='ocrx_word' id='word_1_226' title='bbox 341 3175 573 3269; x_wconf 76' lang='lat' dir='ltr'><strong>orthographia</strong></span> <span class='ocrx_word' id='word_1_227' title='bbox 596 3177 678 3246; x_wconf 90' lang='lat' dir='ltr'><strong>haec</strong></span> <span class='ocrx_word' id='word_1_228' title='bbox 701 3175 938 3268; x_wconf 89' lang='lat' dir='ltr'><strong>praemonenda</strong></span> <span class='ocrx_word' id='word_1_229' title='bbox 964 3173 1128 3243; x_wconf 84' lang='lat' dir='ltr'><strong>videntur:</strong></span> <span class='ocrx_word' id='word_1_230' title='bbox 1154 3183 1305 3265; x_wconf 86' lang='lat' dir='ltr'><strong>quantum</strong></span> 
     </span>
     <span class='ocr_line' id='line_1_30' title="bbox 164 3276 1304 3370; baseline -0.001 -21"><span class='ocrx_word' id='word_1_231' title='bbox 164 3276 234 3349; x_wconf 78' lang='lat' dir='ltr'><strong>heri</strong></span> <span class='ocrx_word' id='word_1_232' title='bbox 244 3279 349 3369; x_wconf 86' lang='lat' dir='ltr'><strong>potuit</strong></span> <span class='ocrx_word' id='word_1_233' title='bbox 362 3299 381 3351; x_wconf 91' lang='lat' dir='ltr'><strong>e</strong></span> <span class='ocrx_word' id='word_1_234' title='bbox 394 3281 538 3349; x_wconf 90' lang='lat' dir='ltr'><strong>codicum</strong></span> <span class='ocrx_word' id='word_1_235' title='bbox 549 3284 737 3350; x_wconf 89' lang='lat' dir='ltr'><strong>auctoritate</strong></span> <span class='ocrx_word' id='word_1_236' title='bbox 750 3301 819 3348; x_wconf 88' lang='lat' dir='ltr'><strong>rem</strong></span> <span class='ocrx_word' id='word_1_237' title='bbox 831 3280 1065 3370; x_wconf 83' lang='lat' dir='ltr'><strong>transegimus3</strong></span> <span class='ocrx_word' id='word_1_238' title='bbox 1092 3300 1186 3367; x_wconf 90' lang='lat' dir='ltr'><strong>quum</strong></span> <span class='ocrx_word' id='word_1_239' title='bbox 1197 3281 1304 3349; x_wconf 89' lang='lat' dir='ltr'><strong>nullus</strong></span> 
     </span>
     <span class='ocr_line' id='line_1_31' title="bbox 165 3381 1304 3471; baseline -0.001 -18"><span class='ocrx_word' id='word_1_240' title='bbox 165 3381 318 3453; x_wconf 89' lang='lat' dir='ltr'><strong>librorum</strong></span> <span class='ocrx_word' id='word_1_241' title='bbox 336 3388 520 3465; x_wconf 78' lang='lat' dir='ltr'><strong>nostrorum</strong></span> <span class='ocrx_word' id='word_1_242' title='bbox 537 3384 569 3451; x_wconf 91' lang='lat' dir='ltr'><strong>in</strong></span> <span class='ocrx_word' id='word_1_243' title='bbox 589 3386 656 3452; x_wconf 89' lang='lat' dir='ltr'><strong>iota</strong></span> <span class='ocrx_word' id='word_1_244' title='bbox 676 3381 901 3451; x_wconf 89' lang='lat' dir='ltr'><strong>subscribendo</strong></span> <span class='ocrx_word' id='word_1_245' title='bbox 920 3383 979 3449; x_wconf 88' lang='lat' dir='ltr'><strong>sibi</strong></span> <span class='ocrx_word' id='word_1_246' title='bbox 993 3386 1130 3471; x_wconf 83' lang='lat' dir='ltr'><strong>constet,</strong></span> <span class='ocrx_word' id='word_1_247' title='bbox 1151 3384 1209 3450; x_wconf 92' lang='lat' dir='ltr'><strong>sed</strong></span> <span class='ocrx_word' id='word_1_248' title='bbox 1223 3384 1304 3452; x_wconf 81' lang='lat' dir='ltr'><strong>ahos</strong></span> 
     </span>
     <span class='ocr_line' id='line_1_32' title="bbox 165 3482 1306 3579; baseline -0.005 -22"><span class='ocrx_word' id='word_1_249' title='bbox 165 3483 325 3557; x_wconf 83' lang='lat' dir='ltr'><strong>interdum</strong></span> <span class='ocrx_word' id='word_1_250' title='bbox 344 3487 536 3579; x_wconf 80' lang='lat' dir='ltr'><strong>subscribat,</strong></span> <span class='ocrx_word' id='word_1_251' title='bbox 562 3488 644 3553; x_wconf 89' lang='lat' dir='ltr'><strong>alius</strong></span> <span class='ocrx_word' id='word_1_252' title='bbox 665 3482 869 3575; x_wconf 76' lang='lat' dir='ltr'><strong>plerumque,</strong></span> <span class='ocrx_word' id='word_1_253' title='bbox 894 3486 975 3552; x_wconf 89' lang='lat' dir='ltr'><strong>alius</strong></span> <span class='ocrx_word' id='word_1_254' title='bbox 1000 3504 1158 3572; x_wconf 85' lang='lat' dir='ltr'><strong>uunquam</strong></span> <span class='ocrx_word' id='word_1_255' title='bbox 1179 3486 1250 3554; x_wconf 89' lang='lat' dir='ltr'><strong>fere</strong></span> <span class='ocrx_word' id='word_1_256' title='bbox 1271 3484 1306 3579; x_wconf 83' lang='grc' dir='ltr'><strong>(ι</strong></span> 
     </span>
     <span class='ocr_line' id='line_1_33' title="bbox 80 3583 1307 3681; baseline -0.001 -24"><span class='ocrx_word' id='word_1_257' title='bbox 80 3641 83 3647; x_wconf 85' lang='grc'>.</span> <span class='ocrx_word' id='word_1_258' title='bbox 165 3586 316 3681; x_wconf 79' lang='lat' dir='ltr'><strong>adscripti</strong></span> <span class='ocrx_word' id='word_1_259' title='bbox 336 3608 434 3655; x_wconf 90' lang='lat' dir='ltr'><strong>unum</strong></span> <span class='ocrx_word' id='word_1_260' title='bbox 452 3590 533 3658; x_wconf 89' lang='lat' dir='ltr'><strong>latet</strong></span> <span class='ocrx_word' id='word_1_261' title='bbox 551 3590 726 3678; x_wconf 90' lang='lat' dir='ltr'><strong>vestigium</strong></span> <span class='ocrx_word' id='word_1_262' title='bbox 738 3588 829 3678; x_wconf 82' lang='lat' dir='ltr'><strong>vul,</strong></span> <span class='ocrx_word' id='word_1_263' title='bbox 844 3586 880 3655; x_wconf 85' lang='grc'><strong>5.</strong></span> <span class='ocrx_word' id='word_1_264' title='bbox 902 3593 970 3654; x_wconf 85' lang='lat' dir='ltr'><strong>not.</strong></span> <span class='ocrx_word' id='word_1_265' title='bbox 984 3583 1046 3652; x_wconf 82' lang='lat'><strong>48.</strong></span> <span class='ocrx_word' id='word_1_266' title='bbox 1068 3590 1100 3653; x_wconf 90' lang='lat' dir='ltr'><strong>in</strong></span> <span class='ocrx_word' id='word_1_267' title='bbox 1123 3596 1307 3658; x_wconf 87' lang='lat' dir='ltr'><strong>monstrosa</strong></span> 
     </span>
    </p>
   </div>
   <div class='ocr_carea' id='block_1_9' title="bbox 38 3686 1306 3783">
    <p class='ocr_par' dir='ltr' id='par_1_9' title="bbox 38 3686 1306 3783">
     <span class='ocr_line' id='line_1_34' title="bbox 38 3686 1306 3783; baseline 0.002 -25"><span class='ocrx_word' id='word_1_268' title='bbox 38 3695 42 3699; x_wconf 78' lang='grc'><strong>’</strong></span> <span class='ocrx_word' id='word_1_269' title='bbox 166 3689 282 3760; x_wconf 90' lang='lat' dir='ltr'><strong>codicis</strong></span> <span class='ocrx_word' id='word_1_270' title='bbox 296 3690 354 3780; x_wconf 86' lang='lat' dir='ltr'><strong>Ag</strong></span> <span class='ocrx_word' id='word_1_271' title='bbox 364 3689 503 3758; x_wconf 88' lang='lat' dir='ltr'><strong>lectione</strong></span> <span class='ocrx_word' id='word_1_272' title='bbox 518 3692 537 3775; x_wconf 83' lang='grc' dir='ltr'>ἢ</span> <span class='ocrx_word' id='word_1_273' title='bbox 555 3686 715 3783; x_wconf 72' lang='grc' dir='ltr'><strong>ἴσχυνεν),</strong></span> <span class='ocrx_word' id='word_1_274' title='bbox 742 3712 813 3758; x_wconf 91' lang='lat' dir='ltr'><strong>eam</strong></span> <span class='ocrx_word' id='word_1_275' title='bbox 827 3690 917 3758; x_wconf 90' lang='lat' dir='ltr'><strong>nohis</strong></span> <span class='ocrx_word' id='word_1_276' title='bbox 928 3692 1190 3780; x_wconf 88' lang='lat' dir='ltr'><strong>praescripsimus</strong></span> <span class='ocrx_word' id='word_1_277' title='bbox 1202 3713 1306 3782; x_wconf 86' lang='lat' dir='ltr'><strong>regu·</strong></span> 
     </span>
    </p>
   </div>
   <div class='ocr_carea' id='block_1_10' title="bbox 133 3791 1310 4300">
    <p class='ocr_par' dir='ltr' id='par_1_10' title="bbox 133 3791 1310 4300">
     <span class='ocr_line' id='line_1_35' title="bbox 165 3791 1307 3885; baseline 0.003 -24"><span class='ocrx_word' id='word_1_278' title='bbox 165 3793 233 3861; x_wconf 79' lang='lat' dir='ltr'><strong>lam</strong></span> <span class='ocrx_word' id='word_1_279' title='bbox 244 3800 281 3862; x_wconf 90' lang='lat' dir='ltr'><strong>ut</strong></span> <span class='ocrx_word' id='word_1_280' title='bbox 292 3816 325 3860; x_wconf 87' lang='lat' dir='ltr'><strong>v.</strong></span> <span class='ocrx_word' id='word_1_281' title='bbox 339 3813 375 3883; x_wconf 81' lang='lat' dir='ltr'><strong>g.</strong></span> <span class='ocrx_word' id='word_1_282' title='bbox 387 3791 557 3862; x_wconf 86' lang='lat' dir='ltr'><strong>infinitivos</strong></span> <span class='ocrx_word' id='word_1_283' title='bbox 571 3797 603 3862; x_wconf 90' lang='lat' dir='ltr'><strong>in</strong></span> <span class='ocrx_word' id='word_1_284' title='bbox 617 3802 663 3873; x_wconf 76' lang='lat' dir='ltr'><strong>cic,</strong></span> <span class='ocrx_word' id='word_1_285' title='bbox 683 3801 716 3862; x_wconf 91' lang='lat' dir='ltr'><strong>et</strong></span> <span class='ocrx_word' id='word_1_286' title='bbox 726 3792 904 3885; x_wconf 86' lang='lat' dir='ltr'><strong>perlectum</strong></span> <span class='ocrx_word' id='word_1_287' title='bbox 918 3793 939 3860; x_wconf 87' lang='grc'>2</span> <span class='ocrx_word' id='word_1_288' title='bbox 955 3794 1169 3883; x_wconf 87' lang='lat' dir='ltr'><strong>aoristumque</strong></span> <span class='ocrx_word' id='word_1_289' title='bbox 1184 3796 1307 3864; x_wconf 88' lang='lat' dir='ltr'><strong>verho-</strong></span> 
     </span>
     <span class='ocr_line' id='line_1_36' title="bbox 133 3895 1307 3988; baseline 0.003 -25"><span class='ocrx_word' id='word_1_290' title='bbox 133 3922 136 3926; x_wconf 67' lang='grc'><strong><em>’</em></strong></span> <span class='ocrx_word' id='word_1_291' title='bbox 167 3915 239 3963; x_wconf 89' lang='lat' dir='ltr'><strong>rum</strong></span> <span class='ocrx_word' id='word_1_292' title='bbox 258 3897 291 3963; x_wconf 92' lang='lat' dir='ltr'><strong>in</strong></span> <span class='ocrx_word' id='word_1_293' title='bbox 312 3897 403 3977; x_wconf 74' lang='lat' dir='ltr'><strong>otoo,</strong></span> <span class='ocrx_word' id='word_1_294' title='bbox 430 3898 507 3984; x_wconf 74' lang='grc' dir='ltr'><strong><em>ιιίρω</em></strong></span> <span class='ocrx_word' id='word_1_295' title='bbox 519 3897 631 3985; x_wconf 87' lang='lat' dir='ltr'><strong>ubique</strong></span> <span class='ocrx_word' id='word_1_296' title='bbox 644 3901 713 3966; x_wconf 89' lang='lat' dir='ltr'><strong>siue</strong></span> <span class='ocrx_word' id='word_1_297' title='bbox 727 3929 736 3964; x_wconf 88' lang='grc' dir='ltr'><strong><em>ι</em></strong></span> <span class='ocrx_word' id='word_1_298' title='bbox 751 3897 927 3988; x_wconf 87' lang='lat' dir='ltr'><strong>subscripto</strong></span> <span class='ocrx_word' id='word_1_299' title='bbox 943 3895 1099 3964; x_wconf 89' lang='lat' dir='ltr'><strong>edendum</strong></span> <span class='ocrx_word' id='word_1_300' title='bbox 1112 3918 1307 3966; x_wconf 86' lang='lat' dir='ltr'><strong>curaremus.</strong></span> 
     </span>
     <span class='ocr_line' id='line_1_37' title="bbox 167 3995 1308 4090; baseline 0.002 -23"><span class='ocrx_word' id='word_1_301' title='bbox 167 3995 443 4090; x_wconf 86' lang='lat' dir='ltr'><strong>Praepositiouem</strong></span> <span class='ocrx_word' id='word_1_302' title='bbox 457 4004 502 4079; x_wconf 75' lang='grc' dir='ltr'><strong>ἐς,</strong></span> <span class='ocrx_word' id='word_1_303' title='bbox 530 3999 613 4090; x_wconf 91' lang='lat' dir='ltr'><strong>quod</strong></span> <span class='ocrx_word' id='word_1_304' title='bbox 627 4000 793 4070; x_wconf 89' lang='lat' dir='ltr'><strong>Porsonus</strong></span> <span class='ocrx_word' id='word_1_305' title='bbox 805 4003 868 4067; x_wconf 91' lang='lat' dir='ltr'><strong>iam</strong></span> <span class='ocrx_word' id='word_1_306' title='bbox 882 4001 1003 4090; x_wconf 74' lang='lat' dir='ltr'><strong>voluit,</strong></span> <span class='ocrx_word' id='word_1_307' title='bbox 1029 4005 1212 4070; x_wconf 87' lang='lat' dir='ltr'><strong>constanter</strong></span> <span class='ocrx_word' id='word_1_308' title='bbox 1226 4005 1308 4069; x_wconf 88' lang='lat' dir='ltr'><strong>sim·</strong></span> 
     </span>
     <span class='ocr_line' id='line_1_38' title="bbox 167 4099 1310 4196; baseline 0.004 -28"><span class='ocrx_word' id='word_1_309' title='bbox 167 4099 243 4191; x_wconf 88' lang='lat' dir='ltr'><strong>plici</strong></span> <span class='ocrx_word' id='word_1_310' title='bbox 262 4101 369 4171; x_wconf 83' lang='lat' dir='ltr'><strong>vocali</strong></span> <span class='ocrx_word' id='word_1_311' title='bbox 389 4106 573 4196; x_wconf 84' lang='lat' dir='ltr'><strong>scripsimus</strong></span> <span class='ocrx_word' id='word_1_312' title='bbox 593 4125 688 4193; x_wconf 87' lang='lat' dir='ltr'><strong>quum</strong></span> <span class='ocrx_word' id='word_1_313' title='bbox 706 4125 825 4196; x_wconf 86' lang='lat' dir='ltr'><strong>magno</strong></span> <span class='ocrx_word' id='word_1_314' title='bbox 846 4123 1005 4171; x_wconf 91' lang='lat' dir='ltr'><strong>consensu</strong></span> <span class='ocrx_word' id='word_1_315' title='bbox 1023 4100 1207 4193; x_wconf 85' lang='lat' dir='ltr'><strong>praeferant</strong></span> <span class='ocrx_word' id='word_1_316' title='bbox 1225 4105 1310 4173; x_wconf 88' lang='lat' dir='ltr'><strong>hanc</strong></span> 
     </span>
     <span class='ocr_line' id='line_1_39' title="bbox 168 4199 1309 4300; baseline 0.001 -23"><span class='ocrx_word' id='word_1_317' title='bbox 168 4199 308 4277; x_wconf 76' lang='lat' dir='ltr'><strong>formam</strong></span> <span class='ocrx_word' id='word_1_318' title='bbox 325 4203 451 4277; x_wconf 86' lang='lat' dir='ltr'><strong>codices</strong></span> <span class='ocrx_word' id='word_1_319' title='bbox 469 4212 502 4278; x_wconf 91' lang='lat' dir='ltr'><strong>et</strong></span> <span class='ocrx_word' id='word_1_320' title='bbox 520 4208 703 4300; x_wconf 87' lang='lat' dir='ltr'><strong>paucissimi</strong></span> <span class='ocrx_word' id='word_1_321' title='bbox 722 4213 844 4278; x_wconf 89' lang='lat' dir='ltr'><strong>tantum</strong></span> <span class='ocrx_word' id='word_1_322' title='bbox 859 4208 1060 4300; x_wconf 84' lang='lat' dir='ltr'><strong>reperiantur</strong></span> <span class='ocrx_word' id='word_1_323' title='bbox 1080 4207 1186 4277; x_wconf 88' lang='lat' dir='ltr'><strong>lociin</strong></span> <span class='ocrx_word' id='word_1_324' title='bbox 1199 4207 1309 4299; x_wconf 85' lang='lat' dir='ltr'><strong>quitus</strong></span> 
     </span>
    </p>
   </div>
   <div class='ocr_carea' id='block_1_11' title="bbox 0 0 1474 4846">
    <p class='ocr_par' dir='ltr' id='par_1_11' title="bbox 0 0 1474 4846">
     <span class='ocr_line' id='line_1_40' title="bbox 0 0 1474 4846; baseline 0 0"><span class='ocrx_word' id='word_1_325' title='bbox 0 0 1474 4846; x_wconf 95' lang='lat' dir='ltr'><strong> </strong></span> 
     </span>
    </p>
   </div>
  </div>
 </body>
</html>
