2872 4846
81 291 85 301 .
167 252 212 315 ω
633 248 826 307 ΑΤΤΙΚΑ

173 422 266 508 δρου
292 417 349 487 καί
369 409 467 486 άλλοι
489 418 559 486 τῶν
589 417 757 509 βασιλέων
792 417 850 487 καί
885 416 1071 500 πλείστους
1095 417 1189 509 έσχεν
1212 407 1283 485 Ἀν-

93 556 102 571 ·
173 524 325 617 τίχονος·
361 512 497 614 Πύῤῥῳ
521 518 560 589 δέ
588 520 625 589 ἐκ
647 525 709 613 τῆς
731 513 841 614 μάχης
865 511 1010 611 ἐγεγόνει
1040 522 1102 612 τῆς
1137 510 1228 610 πρός
1246 514 1284 563 ¹⁶

74 654 77 659 ·
175 617 374 720 Δημήτριον
404 616 447 691 τά
480 624 589 716 θηρία
622 617 824 716 αἰχμάλωτα.
878 615 956 691 τότε
985 620 1022 691 δὲ
1045 622 1284 714 ἐπιφανέντων

176 722 293 799 αὐτῶν
321 730 420 816 δείμα
447 726 544 818 ἔλαβε
567 719 763 816 Ῥωμαίους
794 721 881 796 άλλο
917 751 952 795 τι
971 720 1006 767 ¹⁷
1042 725 1098 794 καί
1136 719 1184 794 οὐ
1214 727 1286 811 ζῶα

141 829 262 904 saluus
292 832 510 920 νομίσαντας.
563 820 755 922 Ἐλέφαντα
778 823 867 923 γάρ,
889 821 957 899 ὅσα
973 823 1007 872 ¹⁸
1046 828 1107 917 μέν
1135 829 1171 912 ές
1203 829 1287 920 ἔργα

175 937 233 1006 καί
263 927 400 1026 άνδροίν
426 944 560 1024 χεῖρας,
603 934 688 1003 εἰσίν
718 935 754 1002 ἐκ
781 935 933 1004 παλαιοῦ
961 934 1062 1025 δῆλοι
1090 923 1215 1016 πάντες
1239 933 1285 1000 εί-

123 1031 297 1122 activa·
340 1028 431 1106 αὐτά
459 1034 496 1104 δὲ
527 1028 568 1104 τά
587 1038 695 1129 θηρία
733 1037 814 1128 πρίν
849 1028 1056 1129 ἢδιαβηναι
1078 1028 1288 1119 Μακεδόνας

91 1166 92 1171 ’
178 1142 233 1213 isti
252 1132 315 1235 τὴν
330 1131 441 1219 Ἀσίαν
475 1131 561 1207 οὐδὲ
589 1132 796 1228 ίωράκεισαν
813 1135 846 1183 ¹9
874 1130 981 1231 ἀρχὴν
1008 1130 1097 1230 πλὴν
1110 1130 1227 1208 Ἰνδῶν
1248 1162 1288 1207 τε

178 1236 295 1315 αὐτῶν
312 1242 370 1311 καί
385 1233 528 1334 Λιβύων
547 1243 604 1310 καί
624 1234 705 1312 ὅσοι
718 1235 953 1335 πλησιόχωροι
970 1233 1121 1324 τούτοις.
1172 1243 1288 1333 Ληλοῖ
1322 1298 1325 1305 .

178 1347 216 1418 δὲ
229 1347 285 1416 καί
299 1342 337 1389 ²⁰
358 1337 525 1438 Ὅμηρος,
553 1370 594 1429 ος
609 1349 788 1436 βασιλεῦσι
802 1346 919 1429 κλίνας
935 1343 996 1432 μέν
1009 1344 1066 1412 καί
1082 1345 1194 1429 οἰκίας
1210 1356 1288 1429 τοῖς

178 1442 498 1541 εὐδαιμονεστέροις
518 1443 552 1490 ²¹
590 1441 707 1519 αὐτων
735 1448 894 1541 ἐλέφαντι
917 1448 1055 1540 ἐποίησε
1078 1446 1288 1541 κεκοσμημέ-
1367 1530 1371 1537 .

78 1566 102 1607 θ
176 1580 239 1639 νας
263 1555 397 1645 θηρίου
419 1550 457 1620 δέ
479 1552 666 1644 ἐλέφαντος
686 1546 822 1647 μνήμην
844 1543 1011 1643 οὐδεμίαν
1021 1546 1060 1593 ²2
1081 1544 1285 1644 ἐποιήσατο·

175 1649 392 1745 θεασάμενος
416 1654 453 1723 δὲ
478 1655 536 1723 καί
559 1657 779 1745 πεπυσμένος
791 1652 828 1701 ²³
856 1647 1109 1747 ἐμνημόνευσεν
1130 1644 1172 1721 άν
1192 1646 1287 1742 πολύ
1311 1650 1315 1655 ’

176 1770 215 1855 χιε
228 1751 401 1851 πρότερον
431 1757 524 1846 (έμολ
539 1761 669 1848 δοκεῖν)
685 1750 762 1852 ἢ24
795 1759 990 1850 Πυγμαίων
1011 1780 1046 1824 τε
1069 1748 1207 1846 ἀνδρῶν
1229 1756 1288 1826 καί

142 1853 331 1957 πχεράνων
350 1852 468 1952 μάχης.
522 1861 578 1950 (5)
602 1856 752 1953 Πύῤῥον
779 1860 816 1929 δέ
843 1861 878 1945 ές
901 1860 1061 1931 Σικελίαν
1083 1851 1231 1953 άπήχαχε
1248 1856 1288 1904 ²⁵

155 1966 158 1971 ’
176 1964 339 2061 πρεσβεία
359 1964 625 2055 Συρακουσίων.
678 1956 913 2065 Καρχηδόνιοι
934 1955 999 2055 γάρ
1023 1956 1203 2053 διαβάντες
1225 1955 1287 2048 τάς

119 2320 122 2325 ⁴
178 2252 253 2309 buit.
303 2252 367 2322 Quo
389 2261 527 2325 mortuo,
559 2253 661 2309 etalii
685 2272 786 2330 reges,
819 2264 849 2310 et
865 2252 1013 2332 plurimas
1035 2252 1203 2329 AntIgonus
1229 2252 1287 2315 sihi

180 2337 372 2413 comparavit.
414 2334 549 2414 Pyrrhus
565 2357 636 2395 vero
652 2339 815 2416 inpugna,
838 2350 1021 2417 quam'cum
1034 2339 1186 2395 Demetrio
1204 2357 1288 2394 com-
1374 2398 1378 2413 Ι

179 2423 276 2495 misit,
299 2416 473 2499 elephantos
503 2423 616 2502 aliquot
638 2427 725 2501 cepit.
769 2426 910 2502 liquum
928 2422 968 2479 ad
982 2426 1149 2480 Tarentum
1174 2425 1205 2478 in
1220 2443 1288 2479 me-
1360 2474 1368 2489 ,

180 2506 263 2564 diam
277 2506 453 2585 irrupissent
472 2510 585 2582 aciem,
607 2500 668 2567 uon
682 2529 791 2587 parum
801 2512 952 2567 Romanos
970 2519 1159 2581 exterruere,
1177 2509 1288 2587 pleris-

179 2612 238 2673 que
255 2591 336 2649 aliud
357 2611 449 2670 quam
475 2594 594 2651 belluas
615 2613 679 2651 esse
699 2590 951 2652 existimantibus.
994 2594 1077 2650 Ebur
1092 2595 1173 2650 enim
1187 2592 1289 2650 homi-

178 2698 254 2739 nmn,
269 2698 357 2755 opere
376 2687 405 2732 et
416 2688 478 2734 arte
495 2679 601 2755 priscis
611 2681 797 2756 temporibus
811 2680 940 2756 expoliri
954 2680 1076 2735 solitum
1086 2689 1192 2736 norant
1206 2676 1289 2734 haud
1332 2698 1337 2713 ·

181 2761 270 2819 dubie
300 2762 408 2817 multi:
441 2763 552 2818 bestias
580 2773 683 2818 autem
710 2765 807 2840 ipsas,
843 2765 1020 2845 priusquam
1046 2763 1225 2821 Macedones
1257 2765 1290 2820 in

181 2848 287 2904 Asiam
317 2846 504 2918 traiicerent,
543 2856 662 2923 praeter
689 2846 779 2905 Indos
812 2858 841 2903 et
860 2849 972 2926 Libyas
1004 2849 1206 2928 finitimosque
1227 2850 1289 2907 illis

68 3002 75 3014 ¹
181 2932 324 3009 populos,
342 2928 422 2989 nulli
436 2928 582 2992 viderant.
613 2930 698 3005 Quod
713 2936 814 3010 ipsum
834 2951 873 2990 ex
885 2936 1015 2993 Homero
1033 2936 1122 2993 facile
1139 2937 1288 3010 coniicias,

182 3018 235 3095 qui
252 3034 346 3094 quum
360 3031 467 3090 regum
480 3016 573 3074 lectos
596 3027 626 3072 et
649 3019 869 3096 opulentiorum
882 3020 959 3076 inter
973 3016 1064 3077 hosce
1080 3019 1184 3078 domos
1201 3022 1289 3078 ebore

183 3110 301 3160 ornatas
317 3098 440 3172 dixerit,
463 3100 581 3161 beHuae
599 3112 701 3161 tamen
722 3106 863 3182 nuspiam
878 3107 1063 3161 mentionem
1078 3106 1159 3162 facit.
1204 3104 1290 3177 Quod

183 3189 210 3244 si
234 3196 286 3242 aut
309 3181 500 3262 elephantem
519 3187 643 3245 vidisset
665 3200 715 3247 aut
732 3189 769 3247 de
788 3211 823 3248 eo
845 3192 1006 3269 quicquam
1029 3188 1177 3263 audisset,
1210 3193 1290 3247 anti-

185 3272 271 3351 quius
287 3271 390 3349 opinor
410 3268 545 3330 duxisset
554 3271 621 3348 hoc,
644 3293 737 3353 quam
749 3279 972 3354 Pygmaeorum
987 3286 1016 3331 et
1031 3295 1139 3352 gruum
1155 3295 1290 3353 pugnam

184 3375 429 3414 commemorare.
475 3354 521 3435 (5)
537 3357 688 3439 Pyrrhum
705 3370 773 3436 post
793 3359 869 3415 haec
887 3362 918 3413 in
934 3361 1070 3416 Siciliam
1084 3361 1290 3436 Syracusano-

185 3460 253 3505 rum
272 3443 405 3503 avocavit
427 3443 550 3523 legatio.
591 3448 670 3505 Nam
687 3462 782 3522 quum
798 3440 1057 3519 Carthaginienses
1076 3445 1171 3501 classe
1189 3446 1221 3503 iu
1240 3446 1290 3504 Si-

220 3712 263 3767 16.
282 3705 354 3778 πρός
368 3727 418 3765 om.
431 3709 468 3762 N.
788 3712 832 3765 20.
852 3706 900 3764 καί
920 3729 969 3766 om.
990 3712 1142 3783 AgVaLnb.
1158 3721 1212 3770 turn
1237 3715 1287 3787 βοι-

222 3781 264 3833 17.
285 3775 352 3832 ἄλλο
368 3796 396 3831 τι
414 3775 464 3829 καί
475 3777 718 3833 CSBPabchaVn
753 3777 890 3834 citationes
903 3783 938 3835 Ν.

185 3849 340 3904 MNRVict.
353 3842 444 3908 ἄλλως
453 3864 483 3899 τε
496 3843 545 3899 καί
554 3845 665 3901 AXKF.
789 3853 833 3907 21.
853 3846 1090 3922 εόδεμονεστέροις
1109 3884 1143 3893 -
1159 3847 1289 3920 ἐποίησεν

223 3919 265 3970 18.
299 3912 352 3969 ὅσα
382 3916 609 3970 CSBPaVaPors.
638 3912 722 3980 ὅσους
755 3920 807 3990 Ag.

186 3984 436 4068 AXKthPpLab.
448 3980 516 4038 ὅσον
531 3986 601 4038 coni.
615 3985 685 4071 FC.P
790 3990 834 4044 22.
853 3985 986 4059 οὐδεμίαν
1000 3986 1112 4059 μνήμην
1122 3990 1188 4043 ΜΝ.

224 4055 267 4107 19.
287 4054 455 4119 εοίρακειταν
468 4054 654 4122 SVaAgVnM.
670 4074 722 4109 εω-
790 4060 834 4113 23.
852 4055 1033 4128 πεπεισμένος
1045 4060 1126 4112 MNR
1140 4059 1183 4128 (iu
1196 4059 1222 4113 R
1237 4074 1289 4113 νον

189 4117 723 4264 strenuitatibus
756 4145 837 4253 ⁸¹¹ii¹
852 4128 922 4319 {ay

193 4253 431 4337 ωοιλικίωνρς.
465 4332 469 4337 ¹
548 4316 551 4321 ,
791 4265 835 4359 ib.
875 4260 999 4357 πἰίηαγεν
1014 4263 1090 4336 nug.

249 4478 270 4523 'J

219 4530 246 4583 tt
