2872 4846
484 294 898 360 PRAEFATIO.
1221 298 1265 357 lx
1382 310 1386 315 ·

122 470 352 540 doboncnsium
363 491 435 539 cum
447 471 547 541 Facio
562 474 821 565 communicatas,
840 492 938 564 porro
951 469 1069 539 codicis
1081 468 1264 557 Musquon-

122 574 168 641 sis
183 571 259 643 ac.
271 573 312 642 F.
327 572 488 643 Matthaei
507 597 590 642 anno
614 576 712 646 1777
733 576 929 667 marginibus
948 574 1093 642 editionis
1112 572 1263 639 liuhnia-

121 697 185 745 nae
197 675 388 768 adscriptas,
415 678 499 767 quod
511 680 676 769 exemplar
688 679 831 770 possidet
845 678 1045 747 Bibliotheca
1056 674 1263 767 Drasdensis,

122 780 238 849 deinde
261 785 414 871 excerpta
435 802 453 849 e
475 782 632 851 codicibus
653 781 809 850 Parisinis
831 779 1030 860 aGlavierio
1051 780 1165 869 publici
1186 781 1264 847 iuris

63 920 68 931 ·
123 882 224 977 facta,
248 884 410 953 nonnullis
434 888 569 953 etiams
589 885 670 953 locis
692 883 927 954 aBoissonado
950 884 1079 974 roganti
1092 880 1264 952 Siebelisio

123 991 330 1074 transmissa3
352 986 487 1075 denique
507 990 680 1079 specimina
703 988 857 1078 quaedam
879 988 1027 1077 oprimis
1048 983 1133 1053 foliis
1147 986 1265 1053 codicis

123 1089 342 1160 Monacensis.
395 1088 486 1173 Quae
499 1098 574 1160 sunt
594 1090 729 1183 reliqua,
748 1092 894 1159 nimirum
907 1090 1063 1158 lectiones
1079 1088 1267 1176 quaedame

124 1193 284 1263 codicibus
295 1191 453 1261 Vaticano
474 1202 507 1263 et
519 1194 679 1285 Angelico
701 1197 740 1261 ab
753 1194 899 1265 Uhdenio
922 1199 1096 1281 excerptae
1116 1200 1148 1261 et
1167 1194 1267 1259 exili-

49 1356 52 1361 .
124 1298 183 1365 bus
200 1318 243 1365 ex
259 1294 376 1363 codicis
388 1294 674 1388 Heidelbergensis
688 1299 849 1366 cuiusdam
862 1296 1051 1387 fragmentis
1065 1317 1086 1361 a
1099 1294 1266 1364 Grerrnero

126 1400 375 1469 communicatae
395 1398 437 1466 ad
451 1401 669 1470 exornandam
682 1401 853 1471 editionem
867 1399 952 1467 haud
967 1399 1099 1467 multum
1111 1399 1267 1488 prodesse

124 1508 308 1595 potuerunt.
359 1502 429 1571 lam
448 1504 532 1593 quod
549 1508 665 1573 attinet
684 1505 726 1572 ad
739 1505 864 1574 codices
877 1502 1142 1573 vindobonenses
1155 1522 1267 1571 eorum

124 1606 211 1675 alter
232 1604 293 1672 diei
312 1627 377 1674 non
389 1612 496 1695 potest
510 1616 627 1696 quanta
639 1611 761 1676 incuria
773 1612 815 1677 sit
827 1608 984 1694 collatus3
1009 1606 1042 1671 in
1054 1603 1265 1674 Messeniacis

125 1708 207 1778 adeo
220 1709 317 1799 plane
334 1708 421 1799 silet,
446 1716 531 1779 teste
544 1708 668 1783 Siebel.
680 1712 725 1805 ΙΙ,
742 1736 775 1805 p.
789 1711 832 1779 V.
851 1706 907 1801 ῦς
933 1709 1018 1778 alter
1036 1728 1116 1777 vero
1136 1710 1192 1777 rix
1214 1714 1265 1779 est

124 1816 300 1904 inspectus.
349 1811 455 1882 llfulto
485 1816 695 1905 copiosiorem
719 1836 857 1883 messem
875 1812 1021 1903 praebuit
1041 1810 1144 1879 codex
1166 1812 1265 1881 Mos-

45 1996 48 2002 ,
100 1919 104 1926 '
126 1917 253 2007 quensis
275 1914 462 2005 diligentius
484 1918 609 2006 quidem
628 1941 721 2007 quam
738 1916 1191 1987 anteaneedumtamensatis
1204 1939 1265 1983 ac-

126 2025 238 2087 curate
252 2037 419 2086 exeussus.
470 2019 563 2089 Haec
584 2022 794 2091 subsidiorum
815 2021 942 2090 exilitas
960 2016 1099 2087 solidam
1117 2026 1150 2087 et
1167 2020 1265 2087 firmis

126 2120 339 2191 fundamentis
354 2128 550 2192 exstructam
563 2146 656 2214 quam
668 2125 775 2195 dieunt
789 2130 957 2194 contextus
969 2122 1189 2190 recensionem
1201 2143 1267 2190 non

125 2226 285 2316 permisit3
313 2231 347 2292 at
367 2227 530 2297 enimvero
551 2227 715 2298 indefesso
736 2228 842 2298 studio
863 2234 897 2295 et
913 2224 1088 2294 incredibili
1100 2225 1268 2318 diligentia

125 2348 308 2419 magnoque
326 2327 447 2418 ingenii
466 2334 610 2400 acumine
630 2332 663 2399 id
676 2336 844 2401 assecutus
860 2336 912 2399 est
923 2326 1112 2401 Siehelisius
1124 2336 1160 2397 ut
1173 2349 1268 2397 nemo

127 2430 224 2500 facile
237 2450 276 2499 eo
289 2431 403 2498 melius
419 2431 459 2499 de
472 2433 635 2503 Pausania
648 2442 759 2505 nostro
771 2435 904 2505 meritus
917 2432 1051 2501 dicatur.
1090 2430 1171 2501 Eius
1186 2431 1271 2499 enim

129 2535 355 2603 commentario
382 2555 446 2603 non
468 2538 496 2603 is
515 2543 639 2607 tantum
659 2544 809 2626 tanquam
829 2532 1074 2603 armamentario
1095 2534 1143 2601 uti
1163 2536 1272 2622 potest

130 2638 251 2727 quires
268 2633 465 2706 solummodo
486 2646 519 2706 et
537 2644 762 2729 argumentum
776 2642 924 2728 speetat3
948 2632 1116 2703 sedetiam
1130 2637 1270 2724 quiser-

128 2740 217 2808 moni
228 2737 419 2829 expoliendo
435 2760 510 2807 suas
523 2741 675 2832 impendit
687 2762 793 2809 curas.
843 2740 930 2809 Nam
944 2741 1074 2827 praeter
1086 2738 1271 2806 innumeros

127 2842 219 2911 locos
233 2842 273 2908 ab
286 2841 410 2911 editore
423 2842 494 2932 ipso
505 2863 548 2911 ex
558 2846 690 2935 ingenio
701 2842 839 2913 feliciter
848 2839 1035 2911 emendatos
1045 2842 1185 2909 maxima
1195 2841 1273 2909 dili-

129 2945 244 3037 gentia
265 2965 346 3032 quae
364 2947 403 3012 ab
425 2946 497 3012 aliis
513 2947 555 3014 ad
570 2946 811 3016 emaculandum
823 2945 1006 3014 Pausaniae
1020 2950 1205 3015 contextum
1218 2947 1273 3011 in-

129 3053 227 3115 venta
241 3053 333 3115 erant
347 3056 505 3138 congesta
517 3053 744 3121 commentario
759 3072 818 3119 suo
833 3049 993 3138 exposuit.
1047 3046 1136 3133 Quas
1150 3048 1274 3138 quidem

129 3148 223 3218 huius
247 3148 394 3217 editionis
416 3152 529 3219 laudes
550 3153 702 3222 hocloco
723 3175 788 3222 non
807 3150 994 3242 praedicare
1016 3171 1081 3219 non
1103 3154 1274 3244 potuimus,

76 3308 79 3313 .
133 3274 226 3341 quum
240 3252 312 3342 quid
333 3254 361 3319 ei
382 3251 565 3346 debeamus,
592 3258 705 3344 quanti.
713 3256 833 3322 laboris
846 3252 936 3321 nobis
950 3253 1169 3341 compendium
1181 3255 1275 3322 feee-

132 3355 175 3421 rit
189 3356 217 3421 si
236 3358 373 3422 reticere
386 3357 521 3425 velimus
534 3359 630 3424 animi
643 3357 728 3426 foret
741 3358 861 3446 ingrati
873 3353 1114 3443 hominibusque
1127 3358 1275 3449 ingenuis

131 3455 277 3547 indigni3
317 3455 410 3547 idque
443 3481 482 3529 eo
516 3459 649 3528 facimus
676 3461 836 3529 lubentius
861 3459 1007 3549 quoniam
1031 3459 1135 3527 virum
1159 3460 1277 3527 mode-

132 3560 307 3628 stissimum
326 3561 364 3626 ab
386 3562 458 3629 aliis
479 3564 583 3652 inique
596 3570 780 3655 tractatum,
791 3554 980 3650 'bonamque
992 3560 1098 3628 laudis
1109 3570 1235 3653 partem
1247 3564 1278 3631 ei

131 3669 349 3754 praereptam,
374 3686 440 3733 non
461 3687 535 3735 raro
555 3669 588 3734 in
609 3668 707 3736 alium
726 3666 919 3736 translatam
937 3661 1093 3733 ridemus.
1145 3663 1279 3756 Siquid

132 3764 292 3857 estquod
316 3767 556 3863 reprehendas,
584 3771 617 3839 in
640 3792 680 3840 eo
701 3774 872 3861 versatur,
904 3766 987 3857 quod
1008 3769 1058 3837 uir
1078 3766 1278 3840 doctissimus

133 3972 343 3988 m

204 4100 234 4168 a)
251 4100 314 4155 Non
329 4100 409 4224 plana
425 4104 502 4173 siletp
525 4105 635 4176 legimus
654 4106 724 4159 enim
741 4126 770 4161 v.
789 4126 817 4176 g.
834 4107 869 4160 ad
881 4106 930 4173 IV,
948 4108 972 4174 1,
990 4106 1017 4160 2.
1036 4104 1127 4175 „dxm
1142 4124 1190 4177 pro
1208 4110 1281 4175 σχεῖν

161 4166 170 4183 ⁰
224 4190 232 4205 ,
238 4172 256 4201 rt

133 4166 238 4305 7377.ἧὶ
273 4172 388 4295 Effusam
402 4259 450 4295 cur
466 4242 489 4297 is
507 4245 553 4313 qui
570 4246 681 4300 contulit
697 4246 814 4300 codicem
828 4244 977 4313 neglexerit
988 4245 1139 4299 Messenios
1155 4262 1202 4298 nos
1220 4247 1280 4317 qui-

133 4307 194 4361 dam
210 4326 263 4365 non
276 4310 460 4382 perspicimus.

348 4172 389 4241 V,
409 4176 439 4244 1,
457 4175 485 4227 5.
508 4176 610 4243 „vind
629 4172 735 4242 δόμους
750 4170 874 4229 κέλευθά
892 4175 963 4239 τε;“
988 4194 1048 4246 cap.
1064 4180 1098 4244 4,
1116 4177 1143 4231 4.
1163 4174 1281 4244 „drn'ioo
