2872 4846
303 253 311 271 l
333 248 424 309 SEU
445 250 533 306 LIB.
556 250 579 307 1.
623 249 722 307 OAP.
743 250 851 309 XVIII.
874 249 956 307 xlx.
1152 252 1196 313 85

95 428 169 504 τοῖς
192 422 297 488 πᾶσιν
310 411 404 510 ίερὸν
420 412 557 488 κοινόν·
584 411 625 487 τὰ
642 416 680 486 (ll
699 417 950 511 ἐπιφανέστατα
971 411 1093 489 {notio
1107 421 1193 489 είκο-

95 535 130 589 σι
151 522 265 605 κίονες
281 523 443 612 Φρυγίου
460 524 577 590 λίθου.
612 522 813 611 πεποίηνται
836 520 874 590 δὲ
895 523 952 590 καί
973 533 1048 605 ταῖς
1075 533 1194 606 στοαῖς

93 617 178 692 κατὰ
191 616 232 692 τὰ
245 616 337 692 αὐτὰ
353 627 390 693 οί
403 636 520 716 τοῖχοι.
547 623 604 691 καί
616 615 784 716 οἰκήματα
796 617 949 700 ἐνταῦθά
958 625 1049 694 ἐστιν
1067 615 1193 716 ὀρόφῳ

93 752 127 793 τε
152 720 326 820 ἐπιχρύσῳ
348 727 405 795 καί
429 718 629 818 ἀλαβάστρῳ
651 727 759 818 λίθῳ,
787 718 879 817 πρὸς
911 725 948 797 δὲ
974 717 1142 817 ἀγάλμασι
1155 723 1195 770 4⁰

93 830 329 920 κεκοσμημένα
342 831 400 897 καί
414 841 581 921 γραφαῖς·
603 821 795 898 κατάκειται
810 827 848 896 δὲ
863 829 899 912 ἐς
919 819 1050 898 corifi
1065 830 1194 920 βιβλία·

93 932 150 998 καί
171 925 365 1022 γυμνάσιόν
388 932 479 1000 ἐστιν
508 923 693 1018 ἐπώνυμον
709 921 907 1021 Ἀδριανοῦ·
941 932 1056 1016 κίονες
1078 929 1115 1000 (ll
1138 931 1195 1000 καὶ

94 1035 248 1102 ἐνταῦθα
267 1026 388 1104 ἑαυτὸν
402 1035 608 1122 λιθοτομίας
621 1036 685 1125 τῆς
707 1025 908 1123 Arpinum

449 1272 700 1347 CAPUT
742 1275 842 1344 XIX.

90 1435 131 1488 De
144 1438 238 1508 templo
251 1438 381 1508 Apollinis
393 1441 528 1511 Delphinii
540 1472 575 1481 -
594 1442 699 1494 Venere
711 1440 738 1493 in
753 1438 847 1492 Hortis
864 1467 898 1477 -
910 1437 1068 1506 Cynosarge
1084 1466 1117 1474 -
1139 1434 1196 1504 Ly-

177 1540 271 1574 ceo-
289 1524 322 1577 de
344 1526 411 1578 Niso
427 1544 491 1593 rege
512 1559 545 1568 -
563 1529 596 1580 de
614 1527 691 1579 Ilisso
710 1536 737 1580 et
754 1526 874 1579 Eridano
896 1524 985 1577 fluviis
1003 1552 1035 1561 -
1057 1523 1089 1574 de
1109 1519 1196 1574 Diana

176 1609 307 1677 Agrotera
319 1643 353 1654 -
366 1614 399 1664 de
416 1613 503 1664 stadio
521 1612 645 1665 Herodis.

170 1744 267 1818 Μετὰ
289 1751 327 1820 δὲ
348 1746 411 1822 τὸν
440 1746 526 1822 ναόν
550 1756 620 1822 τοῦ
640 1745 729 1838 Διὸς
746 1755 813 1821 τοῦ
826 1744 1025 1840 Ὀλυμπίου
1046 1749 1194 1844 πλησίον
1206 1756 1250 1818 44

92 1845 329 1942 ἄγαλμάέστιν
338 1847 549 1940 ’Λπόλλωνος
564 1857 731 1924 Πυθίου·
760 1857 831 1924 ἔστι
859 1853 896 1923 δὲ
917 1855 974 1922 καί
994 1846 1077 1923 ἄλλο
1103 1844 1198 1945 ίερόν
1245 1910 1255 1919 ,

87 1946 301 2040 ’Λπόλλωνος
327 1956 502 2051 ἐπίκλησιν
528 1948 731 2050 Δελφινίου.
773 1957 913 2048 λέγουσι
941 1956 979 2027 (li
1012 1952 1061 2040 ὡς
1096 1951 1197 2047 ίξειρ-

90 2058 266 2148 γασμένον
281 2063 349 2128 τοῦ
364 2065 455 2129 ναοῦ
472 2052 563 2152 πλὴν
584 2062 648 2153 τῆς
673 2052 813 2152 ὀροφῆς
840 2051 952 2150 ἇγνείς
974 2060 1022 2128 ἔτι
1046 2060 1196 2141 τοίςπᾶ-

92 2173 147 2229 σιν
164 2151 326 2251 ἀφίκοιτο
345 2155 484 2253 Θησείις
500 2158 557 2246 ίςῙ
574 2155 637 2254 την
649 2156 761 2233 πόλιν.
787 2157 843 2230 ola
861 2161 898 2229 δὲ
914 2164 1041 2252 χιτῶνα
1057 2161 1200 2252 ἔχοντος,

92 2254 205 2331 αὐτοῦ
221 2255 359 2356 ποδήρη
374 2265 432 2332 καί
455 2265 685 2355 πεπλεγμένης
704 2265 740 2347 ἐς
756 2254 924 2355 εὐπρεπές
943 2265 980 2331 οί
995 2266 1058 2355 τῆς
1073 2254 1196 2352 κόμης,

93 2358 141 2447 ὡς
155 2361 313 2456 ἐγένετο2
328 2359 414 2433 κατὰ
428 2359 490 2434 τὸν
505 2369 572 2434 τοῦ
582 2367 776 2456 Δελφινίου
797 2357 902 2451 ναὸν,
918 2367 955 2433 oi
971 2356 1058 2457 την3
1075 2363 1197 2456 στέγην

91 2549 198 2625 plnm,
226 2567 480 2628 communemque
504 2548 645 2609 omnibus
667 2547 724 2606 diis
752 2547 869 2605 aedem.
914 2549 1095 2626 Spectantur
1117 2547 1197 2603 inter

92 2644 190 2688 cetera
207 2653 315 2711 opere,
346 2646 380 2690 ut
396 2654 473 2713 quae
486 2637 639 2705 maxime,
665 2636 824 2692 columnae
844 2643 965 2689 centum
983 2644 1013 2689 et
1029 2632 1138 2708 viginti
1156 2649 1197 2687 ex

42 2730 53 2737 “
91 2715 225 2793 Phrygio
247 2737 413 2792 marmore,
443 2731 531 2777 etex
558 2718 665 2779 eadem
688 2720 813 2775 materia
832 2720 960 2794 parietes
983 2719 1015 2773 in
1032 2710 1196 2795 porticibus

91 2803 252 2859 exstructi:
275 2814 305 2859 et
329 2805 420 2861 iniis
442 2804 555 2877 cellae,
589 2823 667 2882 qnae
686 2805 823 2859 iuaurato
840 2803 976 2858 lacunari
995 2810 1024 2858 et
1046 2801 1196 2858 alabastro

90 2887 304 2965 praefulgent,
320 2890 415 2964 signis
431 2891 515 2968 ipsae
531 2898 561 2946 et
576 2889 700 2967 picturis
711 2886 848 2965 undique
863 2896 1034 2944 exornatae.
1078 2884 1196 2942 Biblio-

90 2971 178 3028 theca
198 2982 243 3028 est
258 2973 291 3026 in
310 2972 418 3030 eodem
430 2975 566 3053 templo,
591 2984 620 3030 et
639 2973 832 3051 gymnasium
845 2970 971 3029 Adriani
986 2979 1195 3049 cognomento,

91 3060 122 3113 iu
140 3076 199 3135 quo
215 3058 372 3114 columnae
384 3070 506 3115 centum
518 3078 534 3115 e
547 3059 667 3135 Libycis
683 3055 863 3135 lapicidinis.

155 3176 243 3240 Car,
268 3177 348 3232 XIX.
412 3178 556 3241 Proxime
587 3175 721 3251 Olympii
750 3176 830 3231 Iovis
863 3174 1012 3252 templum
1044 3172 1196 3252 Apollinis

91 3256 194 3336 Pythii
216 3260 339 3335 signum
363 3269 423 3316 est:
455 3270 485 3316 et
507 3261 565 3314 alia
589 3261 664 3314 item
685 3258 851 3334 Apollinis,
888 3277 978 3335 quem
999 3256 1196 3338 Delphinium

92 3345 263 3421 appellant,
288 3342 387 3400 aedes.
431 3346 475 3400 Ea
498 3363 595 3422 quum
617 3341 655 3398 ad
680 3342 835 3418 fastigium
856 3340 1001 3419 perducta
1022 3345 1085 3398 iam
1106 3351 1195 3414 esset,

92 3432 176 3484 aiunt
198 3430 387 3504 incognitum
409 3425 508 3485 adhuc
524 3426 688 3492 *Theseum
710 3428 817 3484 urbem
839 3427 989 3482 introiisse
1016 3426 1103 3482 talari
1127 3427 1196 3501 pal-

91 3515 138 3585 la,
168 3524 197 3571 et
219 3532 305 3570 coma
329 3516 483 3590 eleganter
503 3515 617 3590 plexa:
660 3522 750 3590 atque
772 3522 808 3567 ut
828 3512 960 3588 primum
982 3508 1020 3565 ad
1042 3507 1197 3586 Delphinii

126 3678 169 3728 40.
190 3669 343 3741 ἀγάλμασιν
360 3674 411 3742 Ag.
431 3683 483 3729 tun
500 3671 629 3745 ιιεκοσμὲ-
698 3678 779 3730 Cir.
800 3674 875 3731 XIX.
923 3678 948 3729 1.
972 3665 1003 3728 ἓν
1020 3673 1071 3726 La.
1094 3688 1154 3724 mox
1173 3664 1201 3731 ίς

91 3764 127 3797 να
142 3745 192 3796 Va.
572 3778 575 3785 ·
663 3735 1197 3813 erinoenlgBMNRVaVnAchdLab.<li

126 3813 170 3864 41.
191 3804 343 3872 ἒςαίιᾶΒ
363 3811 458 3862 eccui.
473 3811 507 3863 II.
533 3803 628 3874 ίὲἀιί-
662 3808 690 3875 ἐς
710 3807 846 3879 εὐπρεπὲς
857 3816 911 3867 CS.
937 3808 969 3865 δὲ
981 3806 1136 3879 εὐπρεποῦς
1147 3807 1197 3861 AX

92 3875 124 3934 τὰ
136 3882 207 3933 Eud.
228 3887 289 3932 ante
301 3880 342 3944 B,
361 3878 545 3953 PcAgVnNn,
560 3878 627 3933 sil·
661 3883 721 3941 RF.
739 3878 882 3948 εὐπρεπῶς
894 3883 963 3935 coni.
978 3881 1014 3932 X.

91 3960 175 4001 teram
192 3948 270 4001 Facii
299 3947 475 4000 coniecturam
500 3941 628 4001 ἐνταῦθα
696 3952 722 4004 2.
743 3944 850 4019 ἐγένετο
863 3952 907 4002 OS
927 3969 943 4002 e
956 3949 1027 4002 coni.
1041 3944 1150 4011 cmii,
1169 3949 1199 3998 ut

88 4020 188 4136 pppbat
201 4019 234 4099 (ᾗ.
251 4012 557 4138 ηιατάκειρηιιΙ-Δ-βῐιβλία
564 4027 628 4101 ρρεί
660 4018 751 4141 ηεληηὶ
762 4020 798 4140 ll·
826 4014 931 4087 ἐγίνετο
951 4014 1199 4083 AXKFBPcAgVa

132 4103 231 4152 ριανου
263 4102 388 4154 ranspom
448 4103 463 4137 e
491 4103 551 4136 onn.
578 4104 630 4154 αν·
686 4105 703 4139 ιι
753 4106 798 4141 a.

92 4154 210 4218 δριανοῦ
224 4154 262 4205 Μ.
694 4157 721 4208 3.
749 4153 798 4208 καί
820 4150 872 4224 τήν
893 4156 944 4208 Va.
975 4173 1033 4207 mox
1049 4147 1153 4222 ἤροντο
1171 4149 1200 4203 Μ

127 4224 170 4276 42.
193 4218 294 4274 λιιιύιον
307 4221 400 4273 Μιιίιίι.
420 4220 521 4273 λυκίων
532 4222 570 4274 Μ.
662 4224 713 4277 Lb.
