2872 4846
140 249 210 309 Vlll
507 241 918 305 PRAEFATIO.

141 414 296 507 XXXV,
321 420 355 483 et
368 412 543 509 clariori,
565 439 599 508 p.
611 418 660 486 lV
671 440 721 506 sq.
739 413 800 508 ῆς
831 422 864 485 at
884 416 1073 485 lectionibus
1097 438 1174 486 usus
1200 425 1284 487 este

142 520 302 591 codicibus
316 516 556 587 vindobonensi
577 542 609 587 a.
632 526 665 589 et
684 520 876 610 Musquensi
897 521 1075 610 excerptis3
1102 520 1285 611 excerptis

144 624 297 713 dicimus,
317 642 393 688 nam
413 611 602 691 collationes
623 645 725 713 neque
749 645 790 691 ea
813 644 875 711 qua
894 643 954 712 par
972 627 1042 689 erat
1064 643 1159 713 cura,
1182 645 1286 714 neque
1397 632 1400 637 '

144 728 207 796 lide
220 724 325 792 factae
338 727 431 815 sunt,
460 727 505 792 ita
518 732 553 795 ut
565 728 740 817 specimina
752 727 858 817 potius
873 746 966 814 quam
978 726 1082 792 iustae
1098 728 1287 795 collationes

146 828 305 919 appellari
315 828 458 915 possint3
479 848 599 918 eaeque
611 832 701 920 ipsae
715 832 818 897 minus
833 827 876 894 ad
888 827 1106 896 emendandos
1119 836 1287 919 corruptos
1337 875 1344 887 .

146 931 329 1001 Pausaniae
340 929 431 997 locos
446 952 539 1019 quam
558 930 600 997 ad
618 930 823 1001 exornandas
840 936 935 998 notas
956 929 1288 1000 adhibitae‘videntur.

146 1035 260 1123 Neque
274 1038 382 1101 amen
395 1036 510 1124 negari
530 1040 638 1123 potest
655 1037 762 1105 multis
774 1037 807 1101 in
819 1035 900 1101 locis
915 1031 1097 1100 Pausaniae
1109 1054 1291 1101 sermonem

148 1159 171 1204 a
182 1136 283 1204 Facio
300 1133 435 1203 feliciter
447 1157 489 1203 ex
502 1140 633 1227 ingenio
648 1160 722 1206 osse
736 1137 928 1225 restitutum,
955 1138 1098 1224 quamvis
1111 1137 1194 1204 iusto
1209 1158 1291 1204 cau-

149 1240 214 1308 tior
225 1239 423 1307 coniecturas
436 1261 511 1308 raro
524 1241 556 1306 in
569 1246 692 1310 textum
704 1242 835 1329 recepit.
857 1276 905 1287 -
917 1238 1048 1307 ''l'omus
1062 1246 1193 1327 quartus
1208 1260 1291 1306 eon-

150 1344 231 1410 tinet
242 1340 399 1408 Amasaei
408 1346 590 1411 versionem
600 1346 745 1412 latinam.
795 1342 922 1410 Primus
945 1343 976 1407 in
991 1348 1161 1431 segmenta
1174 1340 1291 1409 distin-

152 1446 201 1513 xit
214 1446 331 1533 capita.
360 1481 407 1491 -
438 1445 469 1513 n
490 1445 580 1513 Pacii
600 1447 738 1516 editione
758 1446 871 1535 procul
891 1446 984 1512 dubio
1003 1465 1044 1511 ea
1063 1464 1221 1534 expressa
1242 1450 1293 1511 est

153 1566 247 1635 quam
266 1546 446 1614 l'auclmitn
468 1570 551 1617 anno
579 1550 690 1621 1818.
713 1550 812 1618 tribus
834 1546 1294 1617 volumnitus12.inlncem

153 1650 268 1718 emisit.
319 1649 501 1719 diditionem
515 1674 579 1721 non
589 1656 796 1745 inspeximus.

257 1751 376 1821 lllaiori
388 1757 478 1842 operi
489 1753 568 1824 Car.
583 1757 721 1827 Godoir.
736 1750 877 1826 Siebelis
897 1753 1053 1843 praelusit
1075 1750 1214 1821 editione
1229 1754 1295 1820 mi-

154 1875 235 1923 nore
257 1877 350 1943 quam
369 1856 531 1925 volumine
550 1868 676 1952 quarto,
701 1860 808 1949 quinto
831 1860 864 1921 et
884 1862 977 1924 sexto
1000 1855 1220 1944 complectitur
1232 1854 1295 1922 Bi-

154 1958 314 2025 bliotlreca
325 1958 550 2028 Prosaicorum
563 1965 762 2031 Graecorum
773 1980 794 2025 a
805 1956 854 2025 W
855 1960 972 2050 eigelio
988 1958 1120 2048 Lipsiae
1136 1956 1234 2026 1818
1248 1994 1295 2007 —-

159 2059 220 2126 19.
240 2060 337 2127 edita.
389 2061 506 2131 Novae
526 2066 650 2153 quidem
669 2056 863 2132 recensionis
885 2082 965 2151 prae
985 2082 1022 2129 se
1044 2058 1109 2127 lert
1130 2080 1245 2129 nomen
1263 2063 1297 2127 in

156 2148 319 2253 titulant
339 2163 402 2232 hoc
422 2187 458 2233 se
477 2169 599 2237 sciente
620 2175 654 2238 et
672 2169 804 2237 volente
823 2164 965 2233 additum
979 2169 1080 2255 negat
1094 2162 1198 2231 editor
1209 2162 1238 2255 1,
1266 2185 1297 2251 p.

156 2264 330 2332 XXXlX.
382 2266 534 2352 Quamvis
553 2294 632 2342 vero
653 2271 694 2338 ad
713 2288 819 2337 novae
833 2270 1026 2335 recensionis
1040 2265 1173 2333 laudem
1184 2265 1298 2355 adspi-

157 2387 232 2433 rare
253 2389 317 2435 non
337 2375 444 2457 potest
464 2374 668 2444 minothaea
688 2372 798 2462 editio,
818 2393 883 2440 non
904 2372 1012 2462 paucis
1035 2376 1142 2439 minen
1162 2370 1195 2436 in
1217 2369 1298 2436 locis

158 2470 357 2557 corruptelas
372 2475 426 2539 vel
447 2496 489 2542 ex
510 2478 642 2569 ingenio
654 2477 709 2545 vel
722 2474 865 2545 codicum
878 2475 1068 2542 auctoritate
1081 2494 1102 2538 a
1115 2470 1299 2542 doctissimo

158 2590 261 2658 aeque
280 2592 320 2637 ac
337 2572 571 2647 modestissimo
590 2581 660 2645 viro
681 2579 824 2644 sublatas
842 2576 1000 2644 videmus.
1051 2574 1189 2645 Maioris
1201 2575 1300 2642 moli-

158 2673 250 2738 minis
270 2679 322 2741 est
340 2675 445 2744 altera
465 2675 560 2747 editio
582 2668 676 2769 quam
693 2678 777 2746 idem
798 2679 932 2766 quinque
944 2676 1155 2743 voluminibus
1170 2675 1301 2766 Lipsiae

158 2775 191 2840 in
206 2774 309 2840 lucem
323 2779 426 2846 emisit
440 2776 537 2847 1822
547 2819 595 2831 -
604 2780 665 2850 28.
716 2777 876 2854 coornet,
888 2782 1017 2869 praeter
1030 2776 1159 2845 Graeca
1169 2776 1299 2845 Pausa-

159 2877 233 2943 niae
247 2878 415 2949 emcndata
427 2886 460 2948 et
468 2887 653 2954 mersionem
666 2882 822 2951 Amasaei
832 2882 1036 2972 castigatam,
1056 2884 1301 2950 commentarios

161 2979 397 3068 copiosissimos
412 2986 463 3072 qui
476 3007 540 3054 non
552 2987 656 3055 solum
671 2988 756 3054 cirea
772 3004 880 3052 rerum
891 3006 911 3052 a
923 2983 1086 3052 Pausania
1099 2990 1303 3052 narratarum

161 3081 406 3170 explicationem
418 3095 608 3181 versantur,
630 3088 690 3156 sed
701 3089 734 3157 id
747 3074 844 3156 etiam
856 3090 999 3179 apprime
1012 3092 1159 3178 spectant
1173 3092 1208 3153 ut
1220 3087 1303 3155 haec

162 3183 321 3252 Graeciae
347 3186 517 3279 descriptio
537 3212 629 3286 quarn
649 3192 719 3260 lieri
737 3193 839 3280 possit
855 3194 1000 3280 proxime
1022 3191 1064 3258 ad
1083 3190 1303 3279 integritatem

161 3284 358 3376 formamque
371 3293 512 3359 nativam
523 3293 705 3361 reducatur.
757 3292 807 3359 lle
826 3292 974 3359 subsidiis
991 3296 1100 3380 quibus
1122 3293 1155 3358 id
1176 3297 1304 3382 assequi

162 3395 295 3457 conatus
316 3398 367 3460 est
388 3400 537 3462 accurate
559 3398 700 3487 disputat
723 3397 756 3461 in
779 3392 980 3484 praelatione
1000 3417 1032 3483 p.
1045 3392 1166 3462 XXVI
1181 3417 1250 3484 sqq.
1270 3402 1304 3464 ct

163 3512 224 3579 qua
238 3500 288 3560 est
307 3496 506 3586 ingenuitate
519 3498 588 3588 ipse
601 3498 688 3565 haud
702 3497 785 3565 celat
797 3496 894 3563 valde
907 3503 1036 3563 tenuem
1049 3498 1108 3563 sibi
1122 3494 1164 3561 ad
1176 3518 1305 3566 manum

162 3590 262 3660 fnisse
289 3598 523 3687 supellectilem
550 3601 592 3667 ad
620 3600 803 3667 Pausaniae
826 3604 1031 3689 contextum,
1064 3619 1157 3690 quem
1185 3599 1304 3694 dicunt,

162 3697 397 3795 configendum,
448 3700 614 3778 Recensct
625 3705 733 3773 varias
745 3702 901 3772 lectiones
915 3701 1050 3770 duorum
1062 3702 1205 3773 codicum
1217 3705 1305 3773 Vin-

231 4031 260 4098 a)
277 4032 413 4102 Exemplis
430 4054 447 4088 a
463 4037 539 4091 Sieb.
559 4043 587 4091 et
603 4038 680 4091 Clau.
697 4036 811 4107 prolatis
828 4038 895 4092 adde
913 4038 956 4105 X,
973 4040 1023 4107 20,
1040 4040 1068 4091 9.
1086 4038 1132 4091 ubi
1148 4036 1244 4091 vitium
1259 4048 1305 4108 ty-

161 4097 265 4219 ppthet.
282 4102 311 4153 in
329 4104 372 4156 ed.
390 4103 478 4157 lluhn.
499 4102 535 4159 τὰ
552 4104 581 4167 ἐς
597 4110 662 4175 τῆς,
681 4125 772 4175 parum
789 4108 882 4159 dextre
898 4107 996 4159 Pacius
1014 4108 1124 4159 mutavit
1140 4106 1170 4159 in
1190 4102 1226 4158 voi
1242 4111 1302 4175 τῆς.

188 4168 209 4219 i.
227 4168 307 4255 etiam
324 4171 426 4225 Siebel.
445 4176 478 4228 ad
496 4177 537 4246 X,
554 4178 604 4247 37,
621 4176 648 4233 4.
667 4194 694 4247 p.
711 4177 778 4244 320,
796 4175 842 4229 ubi
857 4184 944 4229 tamen
960 4177 1144 4245 corrigendum
1162 4194 1230 4249 „pru
1248 4177 1306 4233 vul-

164 4246 226 4307 gato
244 4242 416 4307 απετεμον.“
