2872 4846
279 232 282 237 ⁴
322 235 325 241 ’
420 262 510 322 sno
531 263 619 322 nin.
641 262 694 321 m.
738 260 838 321 oar.
861 264 895 322 v.
1147 263 1211 327 sat

54 495 57 502 ,
107 428 232 498 σανίου
262 426 300 498 δὲ
317 425 354 473 ²9
391 423 572 523 φυγόντος
601 432 638 499 ol
665 430 726 520 μὲν
762 434 882 515 παῖδες
909 423 1121 524 Ἀγησίπολις
1152 428 1211 498 καί

106 525 352 623 Κλεόμβροτος
378 533 452 602 νίοι
480 525 696 604 παντάπασιν
731 534 779 604 ίτι
807 517 919 627 ἦσαν,
967 525 1211 625 Ἀριστόδημος

107 633 144 703 δὲ
165 628 390 725 ἐπετρόπευεν
406 632 443 678 ³⁰
468 628 603 720 αὐτούς
631 636 757 727 γίνους
780 630 946 728 ἐγγύτατα
969 629 1034 705 σίν·
1085 633 1148 702 καί
1167 625 1208 702 τδ

107 737 142 806 ἐν
155 738 323 832 Κορίνθῳ
340 740 621 826 Λακεδαιμονίων
634 733 847 832 κατόρθωμα
862 730 1111 831 Ἀριστοδήμου
1127 735 1208 827 σφί-

108 852 163 908 σιν
191 839 321 930 ἐγίνετο
336 837 369 884 31
393 834 605 932 ἡγουμένου.
659 843 715 932 (8)
739 834 951 934 Ἀγησίπολις
981 839 1018 909 δὲ
1049 838 1120 908 ἐπεί
1146 829 1244 930 τήνὸ

107 943 280 1032 βασιλείαν
308 944 403 1036 ίσχεν
426 936 613 1035 αὐξηθείς,
640 946 934 1036 Πελοποννησίων
955 934 1109 1034 πρώτοις
1133 941 1212 1009 ίπο-

106 1045 249 1134 λίμησεν
267 1037 433 1137 Ἀργείοις.
491 1039 539 1129 ὡς
561 1044 598 1116 δὲ
619 1046 655 1113 ἐκ
675 1051 739 1138 τής
766 1049 939 1137 Τεγεατῶν
959 1045 995 1128 ἐς
1018 1036 1081 1136 τήν
1100 1036 1211 1134 Ἀργο-

106 1147 184 1214 λίδα
207 1141 310 1240 ήγαγε
324 1144 361 1191 33
388 1141 452 1215 τδν
474 1139 641 1238 στρατόν,
674 1150 852 1237 πέμπουσι
875 1142 1012 1240 κήρυκα
1027 1138 1213 1237 οἷἈργεῒοι

107 1242 334 1338 σπεισόμενον
353 1243 444 1341 πρὸς
461 1242 674 1343 Ἀγησίπολίν
703 1264 804 1342 σφισι
832 1243 1021 1343 πατρῴους
1043 1240 1086 1339 δή
1117 1271 1213 1330 τινας

108 1343 262 1436 σπονδὰς
287 1354 323 1421 ἐκ
349 1356 501 1420 παλαιοῦ
524 1344 750 1436 καθεστώσας
773 1364 847 1435 τοῖς
868 1356 1044 1443 Δωριεῦσι
1058 1347 1093 1393 33
1121 1340 1214 1439 πρός

107 1445 287 1545 ἀλλήλους.
347 1446 366 1522 ὃ
398 1454 435 1522 δί
459 1447 541 1522 οίίτε
571 1458 620 1546 τῷ
643 1447 769 1545 κήρυκι
798 1455 977 1524 ἐσπείσατο
999 1451 1054 1520 καί
1078 1441 1213 1540 προϊδν

108 1548 202 1642 ὁμοῦ
223 1552 275 1647 ’τῇ
299 1560 441 1647 στρατιᾷ
459 1549 522 1646 τήν
548 1560 613 1647 γήν
638 1556 810 1647 ἔφθειρεν.
864 1556 970 1626 ίσεισί
986 1551 1024 1597 ³4
1051 1576 1087 1620 τε
1113 1543 1157 1643 δή
1192 1543 1212 1618 δ

670 1650 680 1677 ²
730 1650 746 1678 l'l
844 1650 853 1677 i

107 1650 210 1742 θεός,
244 1657 301 1724 καί
326 1651 345 1725 δ
364 1651 576 1749 Ἀγησίπολις
599 1650 668 1726 οὐδ
698 1683 794 1727 ουτω
815 1684 877 1750 την
901 1650 1051 1744 δύναμιν
1074 1646 1212 1737 ἀπάξειν

108 1758 259 1846 ἔμελλεν,
285 1761 342 1827 καί
356 1783 411 1827 τοι
424 1760 709 1848 Λακεδαιμονίοις
724 1752 869 1850 μάλιστα
880 1753 1074 1853 Ἑλλήνων,
1098 1747 1213 1825 ὡσαύ-

107 1887 175 1946 τως
191 1860 227 1929 δὲ
248 1861 304 1933 καὶ
318 1853 532 1953 Ἀθηναίοις,
553 1866 653 1952 δεῖμα
674 1866 712 1932 αί
730 1867 924 1957 διοσημεῖαι
937 1861 973 1906 33
997 1861 1211 1952 παρείχοντο.

262 1956 528 1988 tell„

107 1964 164 2031 καί
192 1957 211 2032 ὁ
233 1990 295 2053 μεν
315 1987 388 2032 υπο
410 1989 450 2033 το
478 1985 592 2056 τειχος
605 1958 978 2056 κατεστρατοπεδεύετο
995 1957 1063 2056 ήδη
1082 1954 1123 2030 τό
1141 1953 1281 2050 ’τίη-211

107 2068 206 2157 γείων
217 2064 269 2154 ,33
298 2066 355 2135 καί
378 2059 423 2137 οὐ
440 2069 554 2160 παρίει
577 2062 713 2137 σείωνὸ
733 2061 844 2157 θεός,
870 2070 927 2136 καί
940 2090 1030 2148 τινες
1046 2064 1105 2131 καὶ
1119 2055 1213 2131 όιποί-
1229 2075 1247 2130 9

108 2265 295 2328 dederentur.
341 2271 390 2348 (7)
417 2274 567 2328 Pausania
584 2275 743 2346 exulante,
762 2274 934 2351 impuberes
956 2272 1020 2327 eius
1037 2268 1107 2340 filii,
1130 2268 1212 2342 Age-

107 2357 210 2431 sipolis
234 2366 263 2411 et
280 2356 504 2426 Cleombrotus,
529 2359 585 2413 sub
610 2361 706 2414 tutela
722 2358 918 2428 Aristoderni‚
942 2359 994 2434 qui
1017 2372 1126 2431 genere
1151 2358 1214 2407 erat
1242 2370 1245 2374 ·

106 2441 274 2515 proximus,
305 2441 437 2496 fuerunt.
490 2442 586 2498 Huius
608 2441 793 2499 Aristodemi
815 2441 906 2497 ductu
919 2437 1152 2496 Lacedaemonii
1176 2433 1215 2490 ad

107 2521 286 2579 Corinthum
300 2543 440 2601 prospere
454 2536 637 2601 pugnarunt.
682 2526 730 2602 (8)
755 2530 820 2582 lam
838 2531 907 2582 vero
925 2523 1096 2599 Agesipolis
1117 2530 1150 2575 ut
1165 2539 1215 2575 re-

108 2626 203 2685 gnum
215 2627 269 2685 per
287 2617 417 2663 aetatem
436 2607 524 2683 adiit,
551 2612 670 2686 Argivis
690 2612 824 2688 primum
848 2629 888 2665 ex
912 2606 1048 2664 omnibns
1062 2605 1216 2680 Pelopon·

108 2694 200 2748 nesiis
214 2693 329 2748 bellum
342 2693 454 2748 intulit.
498 2697 527 2750 Is
548 2713 709 2772 quumper
722 2697 872 2771 Tegeates
889 2696 922 2748 in
940 2694 1124 2767 Argivorum
1140 2688 1232 2770 lines
1261 2706 1264 2712 ·

109 2776 248 2848 duceret,
272 2778 378 2852 Argivi
400 2779 520 2833 obviam
537 2781 583 2835 illi
597 2781 732 2836 fetialem
745 2783 908 2850 miserunt,
932 2797 990 2855 quo
1006 2777 1102 2854 patria
1122 2790 1217 2850 quae-

110 2860 181 2917 dam
196 2859 319 2918 foedera
344 2865 472 2918 sanciret
494 2866 555 2919 iam
575 2864 646 2920 inde
671 2866 708 2921 ab
729 2866 815 2922 initio
839 2866 916 2918 inter
937 2881 1037 2917 omnes
1055 2860 1217 2915 Dorienses

109 2964 260 3023 percussa.
304 2948 346 3002 At
358 2948 411 3002 ille
432 2967 494 3004 non
513 2948 605 3005 modo
624 2948 730 3006 foedus
756 2951 855 3005 ullum
883 2966 952 3003 cum
973 2945 1070 3002 fetiali
1088 2961 1149 2998 non
1166 2943 1217 2996 in-

109 3033 271 3103 stauravit,
289 3029 343 3087 sed
363 3050 469 3108 agrum
482 3035 574 3089 etiam
588 3045 682 3089 totum
703 3036 839 3090 immisso
858 3033 993 3088 exercitu
1016 3028 1216 3105 depopulatus

110 3126 173 3172 est:
196 3134 294 3193 neque
316 3134 411 3192 quum
426 3127 506 3173 terra
524 3121 617 3172 etiam
642 3120 803 3189 movisset,
827 3124 917 3172 retro
930 3133 1037 3189 agmen
1059 3114 1140 3185 egit,
1161 3110 1218 3164 etsi

110 3199 190 3254 αίίοτ
202 3217 273 3274 prae
290 3203 393 3255 ceteris
410 3201 553 3255 Graeciae
572 3203 693 3276 populis
709 3200 956 3256 Lacedaemoniis
979 3207 1008 3253 et
1020 3193 1219 3251 Atheniensi-

110 3283 166 3339 bus
189 3280 362 3338 huiusmodi
382 3282 519 3358 prodigia
538 3285 678 3359 religioni
698 3302 732 3338 ac
748 3285 853 3339 terrori
866 3283 986 3339 fuerint.
1031 3281 1134 3335 Castra
1156 3279 1219 3332 iam
1276 3276 1279 3281 ’

111 3366 219 3423 fixerat
232 3367 403 3442 Agesipolis
416 3367 470 3423 sub
489 3368 562 3444 ipsis
577 3370 758 3444 Argivorrnn
771 3370 882 3438 muris,
902 3385 1001 3444 neque
1023 3364 1146 3419 interim
1164 3360 1219 3416 de-

112 3453 169 3510 sita
190 3460 235 3509 est
252 3450 396 3510 divinitus
416 3461 495 3508 terra
508 3455 639 3510 moveri:
669 3453 742 3532 quin
760 3463 790 3509 et
812 3453 925 3510 milites
944 3452 1061 3529 aliquot
1075 3445 1112 3503 de
1136 3446 1219 3503 coelo

87 3639 94 3647 ‘
148 3632 191 3686 29.
211 3631 255 3684 δει
266 3633 318 3684 Ρδ.
685 3627 737 3695 <loir
751 3635 790 3686 Μ.
814 3652 894 3696 τινας
914 3633 991 3701 σφίσι
1009 3624 1135 3690 σπονδὰς
1153 3621 1222 3681 ἐπα-

146 3752 190 3805 30.
213 3742 412 3817 ἐπετρόπευσεν
421 3752 469 3805 Ρδ.
489 3754 557 3807 idern
568 3721 597 3807 in
608 3756 651 3809 Ve
685 3704 927 3840 λαέἒῗὲἶριςῦσιν
943 3769 1037 3838 VbAg.
1067 3783 1126 3818 mox
1150 3756 1223 3814 ἐπεί·

115 3838 174 3874 esse
188 3820 304 3873 videtur.
324 3813 459 3888 ἐγγύτητα
471 3823 522 3891 Ag.
685 3855 752 3892 ww
766 3840 804 3892 Μ,

114 3924 117 3928 ’
147 3923 192 3975 31.
211 3914 402 3989 ἔγένοντοΜι.
421 3915 499 3990 ἐγέτο
515 3926 564 3978 La.
590 3943 650 3979 mox
718 3909 762 3962 34·
784 3905 934 3976 ἔπεισὸδὲ·
952 3898 1089 3961 ΠῙΟΧο33’
1107 3902 1147 3954 Μ·
1173 3891 1221 3950 33·

113 3985 274 4058 ἡγησίπολις
290 3990 498 4058 PdAgVabLab.
685 3995 783 4038 τως-
795 3973 899 4041 ἄπολξιν
915 3978 965 4029 La.

719 4045 763 4098 35.
785 4046 927 4114 διοσημίαι
945 4043 1039 4112 agab.
1067 4055 1126 4092 mox
1143 4051 1223 4087 κατε·

149 4102 650 4180 32.ήγαγενλς.ήγαγε(γετπμοοολ.)
685 4111 849 4180 στρατεύετο
862 4117 912 4167 La.
1083 4171 1086 4177 ,
1140 4167 1148 4188 ‚
1187 4166 1193 4183 ,

115 4177 155 4229 Μ.
179 4194 240 4228 mox
257 4178 438 4247 πεισόμενον,
467 4197 504 4231 oa
523 4200 604 4250 super
620 4198 650 4249 π,
719 4183 763 4237 36.
781 4179 941 4252 οίργεῑον(ω
952 4198 1032 4253 super
1045 4171 1225 4247 0)-απωλ·

117 4245 155 4298 Μ.
173 4243 405 4315 σπησόμενονθί).
420 4259 474 4302 turn
481 4249 558 4317 σφίσι
568 4267 652 4304 σπου·
686 4252 767 4305 λοντο
781 4252 832 4323 Ag.
