2872 4846
531 195 1008 308 rnnnranror‘
1163 248 1315 313 mur
1421 340 1425 346 ,

170 416 284 486 eodem
295 416 390 485 modo
404 419 436 484 in
453 414 627 524 lectitanda
639 421 713 486 crisi
724 421 848 487 rersari
860 415 1007 488 editores
1013 417 1191 487 videamua
1237 421 1312 492 Alii

170 523 304 588 enimin
325 541 365 589 eo
386 523 581 609 potissimum
602 522 759 593 desudant
779 531 816 593 ut
836 524 1005 592 lectionem
1029 523 1199 613 vulgatam
1219 529 1305 592 omni

169 622 272 692 studio
288 625 325 690 ab
336 625 575 715 intempestivis,
588 634 624 696 ut
633 627 733 716 aiunt,
743 626 969 716 corrigentium
981 629 1169 694 coniecturis
1182 634 1301 696 tucan-
1431 679 1434 683 >

168 733 219 796 tur
241 730 274 793 et
294 747 313 794 e
332 728 469 794 lectione
488 729 657 796 multorum
678 749 832 796 annorum
852 734 1012 797 versate
1031 730 1151 796 sancita
1171 736 1301 799 sensum

168 828 413 917 qualemcunque
435 831 580 921 eliciant,
608 832 695 899 obliti
715 831 887 898 editionum
910 830 1066 919 agmini,
1092 851 1223 919 quarum
1234 848 1311 901 aaa.

167 935 351 1021 saepissime
370 952 413 999 ex
434 934 496 999 alia
515 940 566 1000 est
585 954 759 1024 expressa,
785 934 906 1000 nullam
916 936 1023 1022 utique
1037 937 1143 1000 inesse
1152 938 1299 1003 rumori-1

166 1039 265 1102 tatem
278 1043 311 1105 et
323 1056 386 1103 non
399 1056 527 1103 sensum
539 1038 795 1126 qualemcunque,
819 1037 877 1103 sed
889 1057 1017 1104 sensum
1029 1036 1100 1104 loco
1114 1043 1148 1105 et
1160 1040 1300 1105 arctans
1402 1100 1404 1102 ,

166 1136 265 1202 indoli
275 1139 471 1227 aptissimum
482 1143 652 1229 praecipue
665 1160 738 1207 esse
750 1139 966 1230 spectandum.
1016 1139 1082 1206 Alii
1096 1148 1161 1206 non
1175 1138 1302 1226 quidem
1405 1146 1408 1153 ’

165 1238 265 1305 libros
283 1242 454 1329 impressos
472 1248 507 1310 at
526 1262 621 1310 manu
632 1245 768 1331 scriptos
779 1244 938 1333 religiosa
948 1241 1081 1329 quadam
1091 1244 1301 1310 veneratione

165 1339 390 1412 deosculantur
411 1349 444 1412 et
463 1345 565 1412 literis
584 1345 808 1432 literarumque
827 1346 966 1434 apicibus
986 1344 1200 1414 adhaerentes
1213 1346 1301 1412 ineo

164 1447 333 1534 praecipue
350 1444 479 1514 laudem
497 1448 556 1513 sibi
575 1454 747 1537 quaerunt,
777 1454 813 1515 ut
832 1447 951 1514 nullam
969 1448 1120 1536 recipiant
1137 1446 1299 1514 liter-ulan
1386 1518 1388 1522 .

163 1548 223 1612 nisi
242 1567 323 1635 quae
343 1569 363 1614 a
384 1548 494 1616 codice
515 1548 650 1637 quodam
670 1552 711 1617 sit
731 1550 849 1639 oblata,
875 1549 935 1615 lrac
953 1549 1025 1616 sola
1038 1550 1161 1617 ratione
1175 1556 1299 1617 textum

164 1669 256 1735 quem
268 1657 385 1720 vocant
397 1651 633 1742 diplomaticum
644 1652 766 1720 restitui
779 1672 876 1741 posse
888 1652 946 1719 sibi
958 1649 1201 1741 persuadentes·
1251 1648 1299 1721 Ar

163 1771 228 1818 non
240 1758 388 1842 reputant
399 1755 459 1821 riri
471 1754 505 1821 hi
518 1753 710 1845 diplomatici
722 1753 848 1822 codices
862 1755 984 1822 etiamsi
997 1755 1133 1843 optimos
1145 1773 1210 1820 non
1224 1771 1300 1820 essa

163 1863 330 1946 exemptos
349 1856 526 1936 onmi'labe
545 1865 579 1928 a
596 1847 734 1927 omnium
752 1856 893 1926 codicum
914 1876 1072 1924 consensu
1089 1871 1153 1922 non
1174 1854 1307 1944 quidem

162 1975 233 2025 eam
254 1960 403 2028 constitui
422 1958 591 2030 lectionem
611 1983 691 2050 quae
714 1982 735 2028 a
751 1962 824 2029 libri
844 1962 912 2051 ipso
930 1967 1062 2030 auctore
1080 1958 1225 2048 profecta
1247 1965 1307 2034 asc

161 2059 220 2126 sed
240 2081 319 2149 quae
331 2065 364 2128 in
384 2081 424 2129 eo
443 2065 662 2154 reperiebatur
681 2063 791 2134 codice
810 2062 851 2129 ad
872 2084 964 2150 quem
982 2073 1096 2130 omnes
1104 2063 1209 2131 nostri
1219 2068 1305 2133 tau-s
1383 2077 1384 2080 ’

132 2187 139 2202 ·
161 2172 255 2251 quam
270 2164 311 2231 ad
330 2164 451 2234 fontem
468 2186 665 2236 communem
682 2167 830 2244 redeunt
881 2162 982 2233 Cuius
995 2158 1243 2234 cancerauma
1256 2162 1298 2231 du

160 2264 257 2334 laude
275 2269 422 2336 nolumus
443 2267 605 2359 derogare
611 2292 623 2357 3
639 2270 763 2360 procul
785 2267 879 2336 dubio
902 2269 986 2334 enim
999 2267 1167 2364 plurimum
1180 2263 1297 2356 prato*

160 2371 242 2438 cisse
253 2369 397 2438 videmur
408 2373 440 2436 in
453 2371 664 2440 restauranda
674 2372 747 2441 libri
758 2370 875 2461 forna,
900 2371 927 2437 si
938 2369 1109 2441 lectionem
1121 2370 1190 2447 eiras
1203 2368 1300 2437 cudi-¹

160 2471 205 2538 cis
232 2493 252 2538 e
275 2493 336 2559 quo
360 2475 507 2561 expressi
532 2483 608 2545 sunt
630 2478 733 2545 nostri
757 2477 928 2544 satistuto
953 2464 1122 2541 restituere
1148 2474 1300 2561 contigit,
1403 2529 1408 2538 .

158 2576 347 2662 pracsertim
366 2577 394 2640 si
414 2575 519 2643 codex
530 2577 585 2644 ille
598 2580 768 2667 praecipua
781 2572 915 2663 quadam
927 2575 1047 2640 virtute
1058 2571 1296 2641 commendatur
1338 2617 1342 2624 ·

159 2681 200 2743 et.
213 2678 251 2743 ab
273 2677 410 2744 auctoris
430 2679 529 2768 ipsius
547 2685 657 2750 aetate
673 2677 760 2746 haud
779 2678 870 2745 nimis
890 2672 1020 2742 recedit.
1073 2669 1143 2744 Sed
1160 2675 1212 2761 qui
1232 2674 1296 2742 hac

158 2780 282 2847 ratione
302 2782 480 2870 genuinam
496 2787 592 2870 atque
607 2784 747 2850 nativam
766 2781 872 2871 operis
890 2774 1024 2845 formam
1040 2776 1176 2867 reperiri
1195 2797 1296 2867 posse

158 2883 217 2949 sibi
238 2880 432 2971 persuadent
449 2883 537 2951 haud
556 2883 759 2953 mediocriter
779 2883 870 2950 nobis
889 2899 999 2946 errare
1017 2878 1176 2951 ridentur·
1225 2877 1296 2947 Alii

157 2983 272 3052 deinde
297 2985 375 3052 nihil
396 2988 457 3053 nisi
478 2987 677 3077 corruptelas
697 2987 894 3074 conspiciunt
914 2987 947 3050 et
965 2981 1117 3049 librorum
1135 2979 1307 3052 aditorum:

158 3108 259 3174 aeque
287 3108 325 3152 ac
350 3086 494 3155 codicum
512 3091 733 3156 auctoritatem
751 3090 989 3152 contemnentes
1009 3084 1139 3150 iuvenili
1156 3083 1309 3171 quodam
1416 3139 1424 3149 ,

156 3190 274 3278 impetu
300 3189 501 3276 sospitatoris
523 3196 557 3257 et
578 3191 669 3277 quasi
689 3186 916 3256 restauratoris
936 3204 1049 3250 munus
1069 3185 1130 3252 sibi
1149 3176 1305 3254 urtam„

155 3297 303 3380 putantes
322 3309 364 3356 cx
384 3291 515 3380 ingenio
531 3291 702 3359 restituunt
719 3310 784 3358 nou
804 3287 928 3377 quidem
946 3287 1081 3374 quaeat
1098 3289 1210 3376 operis
1224 3309 1290 3356 aar·
1337 3301 1343 3312 ’

156 3400 245 3462 ctore
257 3393 376 3482 scripta
387 3398 462 3461 strat
474 3393 532 3460 sed
544 3414 625 3484 quae
639 3395 678 3461 ab
691 3413 730 3462 eo
742 3392 864 3459 scilieet
875 3386 1042 3456 scribenda
1054 3395 1156 3458 erant.
1186 3388 1287 3459 Nobis

156 3496 269 3564 irarum
282 3496 439 3564 rationum
452 3498 542 3564 nulla
552 3498 694 3587 placuit,
724 3515 837 3562 veram
855 3495 939 3561 viam
958 3491 1094 3560 mediam
1113 3510 1187 3560 esse
1203 3493 1292 3560 inter
1310 3526 1334 3551 u

157 3600 391 3666 tumultuariam
402 3599 485 3665 hanc
495 3598 635 3669 novandi
648 3600 844 3689 pruriginem
855 3601 888 3664 et
899 3594 1038 3663 timidam
1050 3596 1288 3685 illamconserf·

156 3701 253 3767 randi
273 3719 353 3789 quae
373 3699 542 3769 traditione
559 3703 681 3769 sancita
700 3701 870 3769 videantur
889 3697 1047 3766 cautelam
1059 3699 1286 3789 reputantibpp.

156 3803 200 3872 Ut
214 3805 298 3872 enim
310 3808 472 3870 taceamus
485 3803 525 3870 de
536 3806 665 3872 iuvenili
675 3805 731 3872 illo
744 3804 877 3893 ardore,
893 3820 987 3890 quem
995 3804 1168 3869 maturiore
1181 3806 1292 3870 aetate

155 3913 331 3974 retractare
351 3905 535 3994 plerumque
553 3909 683 3998 solent,
702 3928 773 3974 cum
795 3907 833 3972 iis
852 3910 980 3972 tantum
992 3905 1083 3971 nolris
1100 3923 1154 3970 res
1174 3910 1224 3971 cst
1238 3905 1302 3992 quir
1326 3995 1328 4001 X

155 4009 296 4079 codicum
317 4009 506 4076 auctoritate
525 4009 636 4078 confisi
652 4009 694 4077 ad
714 4009 897 4100 disciplinae
916 4008 1123 4074 severitatem
1140 4005 1292 4096 redigere
1343 4031 1352 4047 r

156 4120 259 4181 artem
270 4113 409 4179 criticam
423 4118 592 4180 conantur.
638 4114 749 4203 Atque
764 4114 798 4180 hi
817 4110 941 4199 quidem
953 4107 1081 4176 codices.
1099 4115 1246 4185 accurate
1258 4108 1291 4174 in

155 4216 316 4309 legiones,
341 4214 503 4309 cohortes,
528 4216 707 4309 manipulos
720 4215 902 4308 disponere,
922 4208 1293 4304 adosprimaaeteatios
