2872 4846
445 244 536 306 SEU
558 247 648 306 LIB.
670 249 709 304 11.
752 248 852 307 CAP.
870 237 925 307 IX}
1167 251 1232 315 2λῖ

125 432 258 514 γυπτον
277 417 334 485 καί
354 420 455 511 τιμῆς
477 409 569 509 παρά
592 416 798 512 Πτολεμαίῳ
817 417 937 511 πρῶτα
952 414 985 464 ¹³
1004 418 1125 512 ἔχοντα
1145 408 1228 490 συν-

124 518 184 610 έβη
210 521 355 612 δεθῆναι
381 522 666 612 καταγνωσθέντα
696 524 893 614 Αἰγυπτίων
921 516 1050 612 ἄνδρας
1076 522 1129 589 ἐπὶ
1165 515 1227 592 τδν

123 623 263 710 βασιλέα
285 617 495 692 συνιστάναι.
542 624 600 691 καί
615 615 748 710 άπέδρα
772 623 833 712 μέν
852 626 889 693 εἰι
905 626 972 693 τοῦ
986 626 1227 716 δεσμωτηρίου

122 723 180 791 ναί
194 736 270 808 τοίς
282 717 556 817 Ἀλεξανδρεῦσιν
577 718 685 818 ἀρχὴν
700 720 869 817 θορύβου
886 726 1047 818 παρέσχε·
1063 722 1100 769 14
1116 726 1227 819 ,τέλος

122 823 177 907 δέ,
212 820 261 909 ὡς
285 821 460 919 ἡλίσκετο,
502 819 698 920 ἀπέσφαξεν
728 821 846 898 αὐτόν.
862 825 898 873 15
960 820 1226 917 Actaeaeacteae

122 926 159 996 δὲ
191 921 333 1016 άσμενοι
365 931 588 1018 Κλεομένους
618 922 863 1024 ἀπαλλαγέντες
891 923 1144 1021 βασιλεύεσθαι.
1163 930 1226 1020 μέν

121 1021 238 1098 οὐκέτι
259 1023 424 1123 ἠξίωσαν,
451 1025 492 1101 τά
515 1032 555 1101 δέ
574 1025 678 1101 λοιπά
702 1035 760 1102 καί
782 1035 819 1118 ές
840 1027 923 1102 τόδε
935 1033 1086 1122 διαμένει
1104 1034 1226 1124 σφίσιν

120 1132 249 1225 ἐκείνης
271 1139 334 1226 τῆς
361 1137 542 1219 πολιτείας.
591 1127 715 1229 Ἀράτῳ
745 1136 782 1206 δέ
801 1128 1009 1229 Ἀντίγονος,
1043 1127 1101 1204 άτε
1123 1128 1225 1227 άνδρί

119 1226 278 1327 εὐεργέτῃ
300 1238 358 1304 καί
384 1239 721 1332 συγκατειργασμένῳ
738 1234 771 1282 ¹⁶
793 1232 950 1331 λαμπρά,
980 1230 1075 1307 οὕτω
1102 1239 1223 1328 διέμει-

117 1361 174 1406 νεν
207 1330 345 1423 εὔνους.
406 1342 461 1430 (4)
499 1343 673 1424 Φίλιππος
701 1340 738 1410 δέ
763 1335 812 1425 ’ὡς
833 1343 1002 1433 παρέλαβε
1028 1333 1091 1432 τὴν
1115 1332 1257 1434 άρχὴν4

118 1431 182 1528 (οὐ
205 1432 270 1532 γάρ
292 1434 403 1512 αὐτὸν
417 1436 559 1534 ’Ἄρατος
578 1447 686 1536 θυμῷ
712 1435 822 1513 πολλά
846 1445 881 1528 ές
903 1435 991 1527 cotie
1007 1435 1223 1535 ἀρχομένους
1365 1450 1377 1471 “

115 1535 292 1633 χρώμενον
306 1540 339 1586 ¹⁷
357 1537 490 1635 ἐπῄνει,
512 1537 553 1614 τά
569 1543 606 1614 δὲ
622 1546 679 1612 καί
692 1539 895 1639 ὡρμημένον
908 1547 1015 1637 ἐπεῖχε
1035 1537 1081 1636 μὴ
1097 1553 1222 1630 ποιεῖν)

115 1637 253 1713 τούτων
268 1648 392 1714 alvento
404 1639 595 1718 ἀπέκτεινεν
602 1640 756 1734 Ἄρατον,
775 1640 883 1717 οὐδέν
898 1647 1115 1740 προϊδομένῳ
1132 1640 1224 1731 δούς

115 1749 153 1814 οί
172 1739 367 1838 φάρμακον.
435 1750 490 1817 καί
518 1742 580 1818 τδν
604 1748 666 1837 μέν
690 1747 725 1834 ἐξ
744 1752 866 1841 Αἰγίου
880 1746 915 1797 ¹⁸
941 1743 1068 1841 (τούτῳ
1096 1741 1161 1842 γάρ
1180 1742 1222 1819 τδ
1279 1767 1292 1781 ·

113 1840 223 1940 χρεῶν
238 1850 398 1940 ἐπέλαβεν
412 1843 538 1940 αὐτὸν)
563 1853 599 1936 ές
618 1854 784 1921 Σικυῶνα
797 1848 1042 1941 νομίσαντες19
1063 1845 1220 1922 θάπτου-

114 1965 150 2020 σι
174 1952 231 2020 καί
259 1945 300 2020 τδ
324 1945 442 2048 ἡρῷον
463 1946 629 2047 Ἀράτειον
649 1955 697 2025 ἔτι
724 1947 941 2048 ὀνομάζεται·
996 1956 1157 2053 Φιλίππῳ
1181 1953 1220 2025 δὲ

111 2212 197 2250 mum
217 2205 262 2253 eat
283 2215 298 2253 a
316 2199 489 2256 Ptolemaeo
511 2209 674 2256 tractatus:
698 2210 729 2256 at
745 2197 853 2255 deinde
872 2198 904 2254 in
920 2196 1042 2254 vincula
1055 2196 1216 2272 coniectus,

111 2299 149 2335 eo
171 2282 295 2337 crimine
325 2282 503 2355 damnatus,
542 2283 623 2362 quod
649 2282 793 2340 adversus
823 2301 927 2360 regem
947 2284 1113 2359 Aegyptios
1142 2301 1216 2339 oon»

90 2364 240 2421 -eitassec
283 2368 369 2424 Etis
392 2387 463 2425 sane
482 2379 553 2424 tunc
580 2367 701 2444 effugit:
729 2367 783 2425 sed
798 2385 872 2425 mox
893 2386 988 2446 quum
1002 2364 1221 2425 Alexandrinis

109 2451 181 2504 novi
202 2452 351 2507 tumultus
379 2462 481 2508 auctor
502 2453 685 2526 exstitisset,
718 2455 829 2508 iterum
850 2450 1104 2531 comprehensus,
1133 2470 1217 2509 mor-
1288 2460 1291 2465 '

108 2541 172 2588 tem
204 2534 263 2590 sibi
294 2537 453 2593 conscivit*
507 2538 571 2607 Quo
601 2535 834 2593 Lacedaemonii
870 2556 930 2592 non
959 2536 1047 2607 inviti
1076 2554 1148 2592 sane
1175 2538 1217 2592 li.-

108 2617 205 2674 berati
239 2620 356 2694 regium
383 2618 507 2698 quidem
536 2621 701 2699 imperium
727 2620 904 2678 abdicarunt
912 2638 928 2676 :-⁴
964 2620 1081 2697 reliqua
1113 2629 1216 2677 tamen

98 2703 174 2758 *eius
196 2704 395 2780 reipublicae,
434 2724 512 2782 quaa
538 2715 605 2762 tum
626 2707 786 2763 constituta
816 2706 932 2777 fuerat,
970 2704 1068 2761 forma
1098 2705 1136 2760 in
1156 2701 1214 2762 hoc

108 2806 204 2865 usque
230 2798 351 2866 tempus
370 2799 543 2866 permanet·
583 2792 675 2847 Arato
690 2791 876 2866 Antigonus,
899 2799 934 2845 ut
952 2785 990 2844 de
1006 2808 1038 2845 se
1054 2788 1132 2845 bene
1148 2809 1215 2846 ma-

22 2884 25 2893 '
107 2873 164 2928 rito
188 2873 271 2945 viro,
304 2883 333 2929 et
353 2894 454 2931 reraun
477 2884 632 2951 gestarum
651 2874 746 2951 gloria
766 2875 899 2950 insigni,
931 2881 1108 2951 perpetuam
1125 2893 1214 2951 prae-

106 2958 182 3012 stitit
199 2957 451 3015 benevolentiam.
496 2955 545 3037 (4)
565 2961 607 3014 At
622 2978 694 3015 eum
705 2957 875 3036 Philippus,
898 2977 993 3035 quum
1007 2958 1070 3012 iam
1087 2976 1213 3035 regnare

106 3043 267 3118 coepisset,
291 3041 372 3120 qnod
385 3044 497 3117 multa,
525 3062 603 3120 quae
621 3043 674 3099 ille
691 3046 722 3098 in
743 3063 811 3117 eos,
840 3044 948 3122 quibus
963 3052 1118 3120 praeerat,
1142 3038 1213 3121 age-

105 3126 156 3183 bat
179 3126 366 3198 itacundius,
403 3129 513 3192 Aratus
539 3147 600 3183 uon
627 3127 788 3204 probabat,
820 3146 853 3182 ac
885 3146 974 3203 saepe
1002 3129 1095 3183 etiam
1119 3130 1214 3184 animi

105 3210 221 3286 impetu
243 3208 453 3267 vehementius
479 3212 662 3267 concitatum
684 3210 854 3282 coercebat,
876 3208 955 3266 nihil
974 3212 1035 3266 tale
1054 3214 1214 3270 timentem
1265 3223 1268 3231 '

105 3313 223 3350 veneno
242 3292 311 3350 dato
330 3296 460 3351 necavit.
502 3296 579 3350 Eius
599 3291 723 3370 quidem
749 3291 876 3349 cadaver
892 3295 1003 3370 Aegio,
1031 3296 1083 3352 ubi
1107 3317 1213 3375 supre-

104 3398 191 3435 mum
211 3376 293 3435 diem
318 3380 484 3455 clauserat,
516 3379 680 3456 Sicyonem
701 3379 844 3449 relatum,
875 3377 1037 3455 magnifice
1058 3383 1213 3456 sepultum

105 3474 166 3521 est:
195 3473 224 3519 et
245 3462 302 3520 hac
324 3465 389 3541 ipsa
408 3465 500 3521 etiam
514 3473 611 3520 aetate
626 3460 782 3520 heroicum
806 3465 869 3519 eiua
882 3473 1117 3521 monumentum
1134 3467 1212 3525 Ara-

103 3697 182 3818 L13.
201 3689 240 3748 coi
249 3695 347 3764 πρῶτα
356 3695 425 3748 coni.
433 3696 492 3749 Kc.
511 3697 641 3751 δεθεῖναι
675 3692 748 3821 plaga
756 3698 961 3768 SBllchAgVe.
980 3692 1211 3761 eicosllddaell.

128 3784 154 3819 a.
723 3804 730 3819 .

89 3886 98 3906 ι
138 3868 182 3922 14.
203 3861 339 3935 παρέσχεν
350 3860 389 3918 Μ.
711 3837 754 3890 ¹7·
774 3831 915 3903 χρώμενοί
929 3830 1029 3907 ἔψη,
1046 3853 1071 3888 ⁶²
1087 3855 1170 3908 ⁸¹¹P⁶f
1184 3838 1230 3907 'la’

138 3953 180 4007 15.
207 3946 294 4006 αὑτὸν
312 3951 561 4020 BPcAgMVbLab3
592 3948 642 4005 αὖ·
675 3907 754 4026 Agl&
779 3967 887 4040 αἰγείου
904 3972 951 4023 Ρο.
971 3967 1112 4039 Αἰγύπτου
1128 3993 1212 4046 marg.
1263 3946 1272 3961 ⁵

102 4016 152 4074 τδν
166 4021 218 4104 Va,
233 4013 470 4090 (ἰ)έαυτδνΕιίδ.
486 4023 563 4105 rell.;⁸
582 4039 641 4074 mox
676 4042 715 4094 Μ,
738 4059 797 4094 mox
825 4035 966 4110 ἀπέλαβεν
990 4042 1041 4111 Ag,
1074 4037 1213 4114 ὑπέλαβεν

103 4091 284 4157 Κλεωμενους
298 4091 338 4142 Μ.
366 4098 419 4143 tum
432 4087 480 4142 καί
492 4084 521 4153 ές
531 4108 564 4144 το
580 4090 641 4142 δια·
676 4111 728 4162 v„

102 4153 194 4226 μένειν
208 4159 259 4211 La.
712 4180 755 4231 19.
773 4173 822 4229 καί
837 4177 1002 4244 κομίσαντες
1018 4179 1057 4231 Μ.
1083 4175 1214 4235 θάπτον-

141 4243 184 4296 16.
208 4241 471 4313 συγκατεργασμένω
493 4246 544 4301 Va.
581 4264 640 4300 mox
672 4262 721 4355 μιν
734 4246 785 4315 Ag.
1068 4246 1071 4251 ’
1104 4340 1113 4357 t
1162 4256 1209 4347 ’ᾗ
