2872 4846
208 284 274 349 hid
617 277 904 343 ΛΑΚΩΝΙΚΑ

210 450 269 522 καί
308 442 357 520 ού
392 444 612 540 Θαλαμάταις
641 443 823 543 έπιχοίριος
857 446 990 538 δαίμων
1020 446 1112 518 ἐστὶν
1137 441 1159 541 ἡ
1184 449 1325 542 Παφίη.

173 556 268 645 affl)
306 550 501 643 Θαλαμῶν6
530 553 567 623 δέ
599 546 714 646 ἀπέχει
744 552 911 636 σταδίους
932 554 1060 621 εἴκοσιν
1081 541 1325 646 ὀνομαζομένη

211 657 358 748 Πέφνος
391 656 445 725 tat
475 649 647 746 θαλάσση.
698 648 881 746 πρόκειται
905 653 942 723 δέ
968 653 1069 746 νησὶς
1094 653 1225 745 πέτρας
1251 659 1323 724 τῶν

208 752 362 852 μεγάλων
383 751 430 828 ού
442 760 595 847 μείζων,7
618 757 765 850 Πέφνος
779 757 836 825 καί
846 749 956 847 ταύτη
972 747 1013 825 τό
1030 749 1159 844 ὄνομα·
1195 761 1321 851 τεχθῆ-

208 888 265 932 ναι
289 860 327 930 δέ
349 862 504 930 ἐνταῦθα
524 852 614 945 τούς
635 852 887 952 Διοσκούρους
908 859 1017 951 φασίν
1038 860 1076 927 ol
1099 861 1320 948 Θαλαμᾶται·

208 968 315 1034 τοῦτο
330 962 392 1053 μέν
407 955 451 1056 δη
467 963 524 1031 καί
532 955 694 1052 Ἀλκμᾶνα
712 964 748 1033 έν
766 956 891 1056 ᾄσματι
906 957 987 1030 οἶδα
1000 953 1156 1031 είπόντα·
1183 965 1321 1055 τραφῆ-

209 1064 325 1157 ναιδὲ
345 1057 462 1135 οόκέτι
485 1066 521 1136 έν
541 1069 585 1158 τῇ
602 1065 735 1159 Πέφνῳ
759 1062 893 1157 φασὶν8
917 1054 1064 1149 αύτούς,
1082 1054 1166 1132 illd
1179 1057 1322 1157 Ἑρμῆν

138 1126 274 1260 ”gete
301 1169 336 1253 ές
360 1161 539 1238 Πελλάναν
560 1170 750 1258 κομίσαντα
779 1163 874 1237 εἶναι.
927 1167 964 1235 έν
991 1157 1104 1257 ταύτη
1132 1169 1174 1258 τῇ
1202 1170 1321 1258 νησῖδι

210 1264 386 1365 άμάλματα
409 1265 642 1364 Διοσκούρων
661 1273 787 1364 χαλκᾶ,
809 1271 958 1362 μέγεθος
976 1271 1136 1356 ποδιαῖα,
1156 1270 1193 1338 έν
1216 1263 1320 1339 ὑπαί-

208 1379 288 1468 δρω
304 1376 366 1465 τῆς
378 1370 546 1466 νησῖδος9
561 1374 669 1444 ἐστίν·
696 1390 697 1394 ’
721 1376 833 1442 ταῦτα
846 1366 868 1465 ἡ
882 1365 1044 1443 θάλασσα
1059 1363 1237 1442 ἀποκινεῖν
1250 1364 1321 1441 οὐκ

209 1477 319 1546 totta
333 1469 597 1562 κατακλύζουσα
613 1469 688 1569 oisc
702 1479 870 1569 χειμῶνος
886 1468 949 1568 τὴν
968 1474 1104 1566 πέτραν.
1156 1466 1267 1544 τοῦτό
1282 1497 1319 1544 τε

209 1572 253 1672 δη
268 1570 392 1667 θαῦμά
410 1574 541 1665 ἐστι,10
566 1578 623 1647 καὶ
653 1582 690 1648 oi
713 1572 891 1670 μύρμηκες
914 1568 1046 1646 αύτόδι
1064 1569 1274 1667 λευκότερον
1295 1567 1320 1670 ἢ

209 1674 258 1766 ὡς
276 1673 470 1774 μυρμήκων
489 1672 529 1749 τό
538 1677 569 1724 11
596 1685 717 1774 χρῶμα
747 1683 926 1774 φαίνουσι.
976 1670 1039 1772 την
1068 1677 1106 1748 δέ
1138 1672 1257 1773 χώραν
1286 1681 1323 1749 οἰ

210 1777 402 1876 Μεσσήνιοι
417 1776 547 1875 ταύτην
564 1777 681 1853 αὐτῶν
696 1784 805 1876 φασίν
819 1778 904 1852 εἶναι
918 1774 959 1851 τό
975 1774 1129 1874 άρχαῖον,
1157 1773 1246 1852 diove
1261 1781 1321 1851 καί

209 1877 297 1969 τούς
305 1877 557 1977 Διοσκούρους
572 1879 704 1974 μᾶλλόν
720 1910 753 1954 τι
768 1878 891 1968 αὐτοῖς
906 1884 963 1953 καί
977 1876 1024 1953 ού
1031 1885 1322 1972 Λακεδαιμονίοις

174 1979 396 2081 τπροσηκειν
421 1983 678 2074 νομίζουσιν.12
736 1988 793 2076 (3)
829 1987 983 2079 Πέφνου
1011 1984 1050 2055 δέ
1080 1977 1204 2056 στάδια
1232 1990 1321 2057 είκο-

210 2180 332 2250 cupant.
377 2167 567 2230 Thalamatis
593 2167 709 2250 Paphia
738 2190 800 2228 non
826 2179 871 2229 est
895 2170 1001 2249 utique
1031 2171 1165 2248 patrium
1190 2168 1337 2232 numen(

210 2255 259 2333 (2)
287 2258 386 2313 Distat
411 2275 429 2312 a
458 2255 618 2315 Thalamis
647 2255 744 2314 stadia
769 2258 828 2313 XX
853 2252 995 2333 Pephnos
1018 2258 1171 2313 maritima
1201 2259 1320 2316 civitas.

208 2343 306 2399 Parva
332 2340 449 2398 adiacet
470 2343 585 2414 insula,
615 2339 712 2399 nihilo
734 2343 855 2398 omnino
886 2342 1003 2416 ingenti
1027 2359 1101 2397 saxo
1121 2343 1250 2402 maior.'
1279 2345 1321 2400 Ei

210 2444 330 2503 quoqne
346 2423 488 2502 Pephnos
507 2447 617 2484 nomen
641 2437 695 2485 est.
739 2429 775 2482 In
798 2445 833 2483 ea
852 2425 989 2484 Castores
1008 2426 1142 2503 primum
1163 2428 1197 2483 in
1216 2428 1322 2484 lucem

211 2509 307 2567 editos
329 2506 531 2568 Thalamatae
550 2519 736 2569 memorant:
760 2509 840 2589 quod
866 2513 968 2588 ipsum
990 2512 1022 2566 in
1045 2512 1160 2568 cantico
1185 2510 1321 2590 quodam

209 2614 263 2653 suo
279 2594 392 2652 dixisse
411 2597 601 2670 Alcmanem,
619 2617 669 2652 me
692 2606 770 2652 certe
796 2615 858 2653 non
882 2596 970 2672 fugit.
1020 2596 1176 2653 Enutritos
1194 2596 1322 2674 quidem

208 2677 328 2758 Pephni
343 2691 464 2756 negant,
482 2681 536 2738 sed
555 2700 572 2737 a
586 2683 734 2738 Mercurio
746 2681 905 2736 Pellanam
924 2679 1105 2758 deportatos·
1154 2683 1190 2736 In
1207 2691 1322 2739 eatam

208 2764 320 2843 pusilla
342 2765 442 2821 insula
462 2767 518 2822 sub
539 2764 608 2824 divo
629 2785 722 2822 aenea
738 2773 807 2822 sunt
829 2767 965 2844 ipsorum
984 2765 1189 2823 Gemellorum
1205 2767 1320 2843 sigilla,

211 2847 309 2906 nihilo
340 2847 499 2926 pedalibus
525 2852 649 2907 maiore.
693 2853 748 2923 Ea,
770 2851 827 2906 etsi
853 2847 988 2906 hibernis
1010 2849 1100 2908 undis
1121 2839 1321 2909 veliementer

211 2953 323 2991 saxum
341 2933 531 3004 verberatur,
556 2935 624 2990 loco
644 2943 747 2990 tamen
767 2931 845 2989 nihil
863 2943 1040 2991 moventur:
1071 2932 1153 3013 quod
1170 2937 1320 2995 miraculo

210 3015 338 3094 quidem
353 3025 415 3072 est:
438 3027 468 3073 et
481 3016 560 3074 illud
574 3019 637 3074 fere
656 3014 739 3073 haud
756 3019 854 3074 multo
872 3020 991 3091 minori,
1013 3017 1096 3097 quod
1117 3019 1261 3077 formicae
1275 3022 1320 3078 ibi

210 3102 436 3179 conspiciuntur
458 3103 633 3180 vulgaribus
659 3103 807 3159 albicante
829 3104 929 3161 colore
955 3100 1128 3163 dissimiles.
1170 3107 1250 3161 Eam
1268 3107 1320 3162 in-

210 3188 311 3245 sulam
337 3206 461 3243 suorum
485 3188 578 3245 fuisse
597 3189 670 3245 clim
690 3187 806 3261 finium,
830 3186 1015 3245 contendunt
1027 3188 1186 3246 Messenii:
1209 3210 1319 3268 eapro-

208 3281 276 3349 pter
290 3271 444 3328 Gemellos
463 3274 543 3350 ipsos
563 3275 676 3330 maiore
701 3292 733 3329 se
757 3291 850 3352 quam
861 3271 1116 3331 Lacedaemonios
1138 3276 1320 3355 propinqui-

209 3365 272 3412 tate
290 3357 448 3433 attingere.
491 3355 539 3437 (3)
566 3360 593 3415 A
606 3354 732 3437 Pephno
749 3355 915 3416 stadiaXX
928 3358 1037 3415 absunt
1052 3360 1192 3416 Leuctra.
1235 3361 1318 3432 Quae

243 3523 270 3574 6.
302 3517 442 3590 θαλάμων
460 3522 662 3589 AXMVbLeb3·
686 3528 748 3594 post
817 3524 859 3577 10.
891 3515 965 3576 έστιν
988 3523 1084 3644 ΑΞἯ).
1127 3541 1187 3577 mox
1213 3518 1319 3577 αύτόδι

207 3587 313 3642 είκοσιν
330 3591 428 3659 aliquid
441 3591 533 3644 deesse
544 3600 620 3662 putat
631 3593 745 3646 Pelmer.
779 3593 963 3647 Buttmannns.
993 3611 1011 3644 α
1032 3589 1076 3645 eol
1093 3592 1164 3646 Edd.
1184 3593 1318 3646 (loddin

206 3656 267 3709 MS.
299 3677 359 3711 mox
379 3655 536 3724 πρόςκειται
553 3662 747 3715 Meurs.Misc.
779 3660 810 3712 M
836 3655 933 3721 αὐτοῖς
952 3655 1087 3728 (αὐτοῖς)
1113 3679 1172 3715 esse
1199 3661 1316 3716 videtur.

205 3726 272 3778 Lac.
286 3727 334 3795 IV,
348 3729 374 3778 8.
387 3729 491 3780 adiacet
503 3728 562 3780 Am.
780 3726 943 3796 λευκότερον
976 3731 1073 3782 KFOB
1107 3749 1140 3782 ex
1162 3747 1212 3780 em.
1237 3731 1315 3798 Sylb.

241 3796 268 3848 7.
295 3795 377 3862 μείζω
395 3796 476 3848 MVa.
507 3797 553 3864 Sq.
570 3792 602 3848 τό
625 3814 676 3850 om.
691 3798 742 3851 Vb.
779 3795 938 3863 λευκότεροι
974 3796 1315 3865 AXSMPcRAgVabLab3

204 3862 270 3915 Mox
281 3860 450 3929 θαλαμάται
465 3865 522 3927 Va3
540 3859 669 3932 άλκμάνα
686 3865 723 3916 ἰδ.
777 3867 848 3932 qnod
858 3873 946 3917 temen
958 3865 1108 3933 praetulere
1117 3867 1177 3918 FC.

239 3933 266 3983 8.
297 3933 383 3999 φησίν
407 3950 446 3986 sc.
465 3932 590 4000 Alcman,
617 3933 688 3986 coni.
709 3934 741 3984 S.
812 3967 843 4018 11
873 3959 905 4017 τὰ
922 3966 962 4018 bis
980 3966 1008 4018 in

205 3998 270 4052 Mox
291 3995 414 4052 πελλόνα
433 4001 510 4069 (sic)
532 4002 582 4056 Va.
616 3994 742 4055 πελάνων
847 4002 854 4016 “

205 4066 257 4119 Lb.
285 4068 379 4122 δοίητε
398 4069 541 4122 εποδιαία
552 4071 590 4122 id.

86 4180 88 4188 .
240 4137 267 4188 9.
285 4137 400 4201 νησίδος
413 4135 483 4191 εἰσιν
519 4157 551 4191 ex
572 4145 651 4192 uncto
664 4131 733 4190 εἰσιν

180 4195 280 4256 ιέοτιν
301 4203 352 4256 Vb.
366 4273 374 4285 ι
389 4176 531 4272 νησίτιδος
552 4158 603 4261 ha.
636 4173 743 4261 mmcd
811 4207 853 4261 12.
874 4205 996 4273 νομίζειν
1007 4205 1066 4275 Age,
1082 4204 1313 4272 νομίζουσινΒΡο

205 4267 303 4327 σθένει
315 4289 385 4327 com.
397 4273 432 4327 F.
575 4329 578 4335 ,
774 4272 833 4344 Ag3
852 4272 994 4344 νομίζουσι
1003 4274 1064 4330 edd.
1080 4274 1137 4329 rell.
1150 4274 1218 4330 Lab.

1029 3967 1079 4020 La.
1110 3967 1259 4035 φαίνουσιν
1271 3966 1314 4037 Ag

775 4032 829 4086 Vb.
858 4052 919 4087 mox
931 4031 1065 4103 μεσήνιοι,
1084 4052 1100 4090 c
1119 4037 1228 4090 alterum
1237 4053 1312 4108 supr.

775 4120 847 4156 vers.
866 4104 916 4156 La.
936 4099 1028 4157 αὐτόν
1040 4105 1079 4172 Μ,
1091 4112 1121 4157 ut
1131 4106 1210 4159 solet.
