<?xml version="1.0" encoding="UTF-8"?>
<!DOCTYPE html PUBLIC "-//W3C//DTD XHTML 1.0 Transitional//EN"
    "http://www.w3.org/TR/xhtml1/DTD/xhtml1-transitional.dtd">
<html xmlns="http://www.w3.org/1999/xhtml" xml:lang="en" lang="en">
 <head>
  <title>
</title>
<meta http-equiv="Content-Type" content="text/html;charset=utf-8" />
  <meta name='ocr-system' content='tesseract 3.04.00' />
  <meta name='ocr-capabilities' content='ocr_page ocr_carea ocr_par ocr_line ocrx_word'/>
</head>
<body>
  <div class='ocr_page' id='page_1' title='image "./pausaniaedescri01pausgoog_0237.png"; bbox 0 0 2872 4846; ppageno 0'>
   <div class='ocr_carea' id='block_1_1' title="bbox 211 259 858 385">
    <p class='ocr_par' dir='ltr' id='par_1_1' title="bbox 211 259 858 385">
     <span class='ocr_line' id='line_1_1' title="bbox 211 259 858 385; baseline -0.015 -36"><span class='ocrx_word' id='word_1_1' title='bbox 211 284 276 349; x_wconf 76' lang='grc' dir='ltr'><strong><em>ιτα</em></strong></span> <span class='ocrx_word' id='word_1_2' title='bbox 371 373 378 385; x_wconf 11' lang='grc' dir='ltr'><strong>ἡ</strong></span> <span class='ocrx_word' id='word_1_3' title='bbox 508 324 511 329; x_wconf 38' lang='lat'>1</span> <span class='ocrx_word' id='word_1_4' title='bbox 675 259 858 341; x_wconf 74' lang='lat' dir='ltr'>Arrrur</span> 
     </span>
    </p>
   </div>
   <div class='ocr_carea' id='block_1_2' title="bbox 105 443 1426 2086">
    <p class='ocr_par' dir='ltr' id='par_1_2' title="bbox 153 443 1426 1574">
     <span class='ocr_line' id='line_1_2' title="bbox 213 443 1320 548; baseline -0.004 -24"><span class='ocrx_word' id='word_1_5' title='bbox 213 455 298 548; x_wconf 79' lang='grc' dir='ltr'><strong><em>οένρι</em></strong></span> <span class='ocrx_word' id='word_1_6' title='bbox 317 443 516 544; x_wconf 78' lang='grc' dir='ltr'><strong><em>χρήσασθαι</em></strong></span> <span class='ocrx_word' id='word_1_7' title='bbox 529 449 741 539; x_wconf 74' lang='grc' dir='ltr'><strong><em>νομίζουσιν.</em></strong></span> <span class='ocrx_word' id='word_1_8' title='bbox 768 452 957 521; x_wconf 71' lang='grc' dir='ltr'><strong><em>ἐσελθοῦσι</em></strong></span> <span class='ocrx_word' id='word_1_9' title='bbox 972 449 1011 519; x_wconf 77' lang='grc' dir='ltr'>δέ</span> <span class='ocrx_word' id='word_1_10' title='bbox 1026 450 1092 519; x_wconf 82' lang='grc' dir='ltr'><strong><em>εἰσι</em></strong></span> <span class='ocrx_word' id='word_1_11' title='bbox 1104 451 1228 542; x_wconf 72' lang='grc' dir='ltr'><strong><em>βωμοὶ,</em></strong></span> <span class='ocrx_word' id='word_1_12' title='bbox 1245 454 1320 522; x_wconf 84' lang='grc' dir='ltr'>Πο·</span> 
     </span>
     <span class='ocr_line' id='line_1_3' title="bbox 214 538 1320 648; baseline -0.003 -21"><span class='ocrx_word' id='word_1_13' title='bbox 214 557 399 641; x_wconf 79' lang='grc' dir='ltr'><strong><em>σειῦῶνος,</em></strong></span> <span class='ocrx_word' id='word_1_14' title='bbox 431 545 484 646; x_wconf 75' lang='grc' dir='ltr'>ἐφ’</span> <span class='ocrx_word' id='word_1_15' title='bbox 504 538 552 621; x_wconf 88' lang='grc' dir='ltr'>οῦ</span> <span class='ocrx_word' id='word_1_16' title='bbox 576 556 634 624; x_wconf 83' lang='grc' dir='ltr'>καλ</span> <span class='ocrx_word' id='word_1_17' title='bbox 646 547 803 648; x_wconf 84' lang='grc' dir='ltr'><strong><em>Ἐρεχθεῖ</em></strong></span> <span class='ocrx_word' id='word_1_18' title='bbox 819 547 979 624; x_wconf 82' lang='grc' dir='ltr'><strong><em>θύουσιν</em></strong></span> <span class='ocrx_word' id='word_1_19' title='bbox 993 555 1029 623; x_wconf 85' lang='grc' dir='ltr'>έκ</span> <span class='ocrx_word' id='word_1_20' title='bbox 1043 578 1110 622; x_wconf 87' lang='grc' dir='ltr'>του</span> <span class='ocrx_word' id='word_1_21' title='bbox 1121 550 1157 598; x_wconf 75' lang='lat'>²³</span> <span class='ocrx_word' id='word_1_22' title='bbox 1173 549 1320 644; x_wconf 89' lang='grc' dir='ltr'><strong><em>μαντεῦ-</em></strong></span> 
     </span>
     <span class='ocr_line' id='line_1_4' title="bbox 213 648 1321 750; baseline -0.003 -21"><span class='ocrx_word' id='word_1_23' title='bbox 213 683 341 750; x_wconf 88' lang='grc' dir='ltr'><strong><em>ματος,</em></strong></span> <span class='ocrx_word' id='word_1_24' title='bbox 372 655 430 725; x_wconf 80' lang='grc' dir='ltr'>καὶ</span> <span class='ocrx_word' id='word_1_25' title='bbox 445 648 612 749; x_wconf 61' lang='grc' dir='ltr'><strong><em>ἥρωος24</em></strong></span> <span class='ocrx_word' id='word_1_26' title='bbox 629 651 793 743; x_wconf 87' lang='grc' dir='ltr'><strong><em>Βοῦτον,</em></strong></span> <span class='ocrx_word' id='word_1_27' title='bbox 816 660 933 749; x_wconf 75' lang='grc' dir='ltr'><strong><em>τρίτος</em></strong></span> <span class='ocrx_word' id='word_1_28' title='bbox 947 656 984 725; x_wconf 68' lang='lat' dir='ltr'>di</span> <span class='ocrx_word' id='word_1_29' title='bbox 997 650 1207 749; x_wconf 82' lang='grc' dir='ltr'><strong><em>Ἡφαίστου.</em></strong></span> <span class='ocrx_word' id='word_1_30' title='bbox 1240 683 1321 749; x_wconf 77' lang='grc' dir='ltr'><strong><em>γρα-</em></strong></span> 
     </span>
     <span class='ocr_line' id='line_1_5' title="bbox 213 756 1320 856; baseline -0.002 -25"><span class='ocrx_word' id='word_1_31' title='bbox 213 761 280 856; x_wconf 76' lang='grc' dir='ltr'>φαὶ</span> <span class='ocrx_word' id='word_1_32' title='bbox 303 759 341 830; x_wconf 77' lang='grc' dir='ltr'>(λέ</span> <span class='ocrx_word' id='word_1_33' title='bbox 356 759 410 828; x_wconf 70' lang='grc' dir='ltr'>ἐπὶ</span> <span class='ocrx_word' id='word_1_34' title='bbox 425 763 495 828; x_wconf 80' lang='grc' dir='ltr'><strong><em>τῶν</em></strong></span> <span class='ocrx_word' id='word_1_35' title='bbox 509 760 636 850; x_wconf 78' lang='grc' dir='ltr'><strong><em>τοίχων</em></strong></span> <span class='ocrx_word' id='word_1_36' title='bbox 653 765 720 830; x_wconf 86' lang='grc' dir='ltr'>τοῦ</span> <span class='ocrx_word' id='word_1_37' title='bbox 743 762 870 852; x_wconf 77' lang='grc' dir='ltr'><strong><em>γένους</em></strong></span> <span class='ocrx_word' id='word_1_38' title='bbox 889 756 998 830; x_wconf 66' lang='grc' dir='ltr'>εἰσὶ25</span> <span class='ocrx_word' id='word_1_39' title='bbox 1025 764 1092 829; x_wconf 85' lang='grc' dir='ltr'>τοῦ</span> <span class='ocrx_word' id='word_1_40' title='bbox 1115 763 1320 830; x_wconf 81' lang='grc' dir='ltr'><strong><em>Βουταῦῦν.</em></strong></span> 
     </span>
     <span class='ocr_line' id='line_1_6' title="bbox 153 854 1320 956; baseline -0.003 -21"><span class='ocrx_word' id='word_1_41' title='bbox 153 863 154 867; x_wconf 54' lang='grc'>’</span> <span class='ocrx_word' id='word_1_42' title='bbox 212 865 270 936; x_wconf 78' lang='grc' dir='ltr'>καὶ</span> <span class='ocrx_word' id='word_1_43' title='bbox 285 865 453 953; x_wconf 75' lang='grc' dir='ltr'><strong><em>(διπλοῦν</em></strong></span> <span class='ocrx_word' id='word_1_44' title='bbox 476 854 540 954; x_wconf 78' lang='grc' dir='ltr'>γάρ</span> <span class='ocrx_word' id='word_1_45' title='bbox 557 863 628 933; x_wconf 87' lang='grc' dir='ltr'><strong><em>έστι</em></strong></span> <span class='ocrx_word' id='word_1_46' title='bbox 645 860 682 907; x_wconf 75' lang='lat'>²⁶</span> <span class='ocrx_word' id='word_1_47' title='bbox 707 857 748 934; x_wconf 86' lang='grc' dir='ltr'>τό</span> <span class='ocrx_word' id='word_1_48' title='bbox 769 866 909 956; x_wconf 82' lang='grc' dir='ltr'><strong><em>οἴκημα)</em></strong></span> <span class='ocrx_word' id='word_1_49' title='bbox 928 861 1013 956; x_wconf 81' lang='grc' dir='ltr'><strong><em>[καὶ]</em></strong></span> <span class='ocrx_word' id='word_1_50' title='bbox 1029 854 1130 954; x_wconf 81' lang='grc' dir='ltr'><strong><em>ῦθωρ</em></strong></span> <span class='ocrx_word' id='word_1_51' title='bbox 1152 863 1243 933; x_wconf 77' lang='grc' dir='ltr'><strong><em>ἐστὶν</em></strong></span> <span class='ocrx_word' id='word_1_52' title='bbox 1267 864 1320 932; x_wconf 80' lang='grc' dir='ltr'><strong><em>έν-</em></strong></span> 
     </span>
     <span class='ocr_line' id='line_1_7' title="bbox 213 957 1426 1057; baseline -0.004 -19"><span class='ocrx_word' id='word_1_53' title='bbox 213 971 278 1038; x_wconf 82' lang='grc' dir='ltr'><strong><em>ῦον</em></strong></span> <span class='ocrx_word' id='word_1_54' title='bbox 290 957 486 1036; x_wconf 73' lang='grc' dir='ltr'><strong><em>θαλάσσιον</em></strong></span> <span class='ocrx_word' id='word_1_55' title='bbox 501 965 537 1033; x_wconf 81' lang='grc' dir='ltr'><strong><em>ἐν</em></strong></span> <span class='ocrx_word' id='word_1_56' title='bbox 557 968 691 1057; x_wconf 82' lang='grc' dir='ltr'><strong><em>φρέατι.</em></strong></span> <span class='ocrx_word' id='word_1_57' title='bbox 712 966 899 1056; x_wconf 73' lang='grc' dir='ltr'><strong><em>τοῦτομὲν</em></strong></span> <span class='ocrx_word' id='word_1_58' title='bbox 918 969 1044 1053; x_wconf 85' lang='grc' dir='ltr'><strong><em>θαῦμα</em></strong></span> <span class='ocrx_word' id='word_1_59' title='bbox 1067 959 1114 1035; x_wconf 88' lang='grc' dir='ltr'>οῦ</span> <span class='ocrx_word' id='word_1_60' title='bbox 1136 966 1236 1057; x_wconf 77' lang='grc' dir='ltr'><strong><em>μέγα·</em></strong></span> <span class='ocrx_word' id='word_1_61' title='bbox 1263 965 1322 1034; x_wconf 84' lang='grc' dir='ltr'>καλ</span> <span class='ocrx_word' id='word_1_62' title='bbox 1422 992 1426 998; x_wconf 94' lang='grc'><em>·</em></span> 
     </span>
     <span class='ocr_line' id='line_1_8' title="bbox 214 1059 1323 1164; baseline -0.003 -24"><span class='ocrx_word' id='word_1_63' title='bbox 214 1064 280 1164; x_wconf 73' lang='grc' dir='ltr'>γὰρ</span> <span class='ocrx_word' id='word_1_64' title='bbox 303 1061 384 1138; x_wconf 86' lang='grc' dir='ltr'><strong><em>ὅσοι</em></strong></span> <span class='ocrx_word' id='word_1_65' title='bbox 401 1059 586 1159; x_wconf 76' lang='grc' dir='ltr'><strong><em>μεσόγαιαν</em></strong></span> <span class='ocrx_word' id='word_1_66' title='bbox 609 1074 790 1156; x_wconf 78' lang='grc' dir='ltr'><strong><em>οἰκοῦσιν,</em></strong></span> <span class='ocrx_word' id='word_1_67' title='bbox 816 1064 935 1153; x_wconf 80' lang='grc' dir='ltr'><strong><em>ἄλλοις</em></strong></span> <span class='ocrx_word' id='word_1_68' title='bbox 964 1069 1000 1136; x_wconf 86' lang='grc' dir='ltr'>τέ</span> <span class='ocrx_word' id='word_1_69' title='bbox 1022 1069 1093 1138; x_wconf 79' lang='grc' dir='ltr'><strong><em>ἐστι</em></strong></span> <span class='ocrx_word' id='word_1_70' title='bbox 1112 1068 1169 1138; x_wconf 85' lang='grc' dir='ltr'>καὶ</span> <span class='ocrx_word' id='word_1_71' title='bbox 1186 1069 1323 1159; x_wconf 76' lang='grc' dir='ltr'><strong><em>Καρσὶν</em></strong></span> 
     </span>
     <span class='ocr_line' id='line_1_9' title="bbox 167 1163 1323 1266; baseline -0.002 -24"><span class='ocrx_word' id='word_1_72' title='bbox 167 1166 556 1266; x_wconf 60' lang='grc' dir='ltr'>μμίλφροῦισιεῦσιν·27</span> <span class='ocrx_word' id='word_1_73' title='bbox 592 1165 677 1240; x_wconf 74' lang='grc' dir='ltr'><strong><em>ἀλλὰ</em></strong></span> <span class='ocrx_word' id='word_1_74' title='bbox 703 1164 785 1240; x_wconf 67' lang='lat' dir='ltr'>udde</span> <span class='ocrx_word' id='word_1_75' title='bbox 805 1165 892 1240; x_wconf 77' lang='grc' dir='ltr'>τό28</span> <span class='ocrx_word' id='word_1_76' title='bbox 918 1172 1031 1263; x_wconf 77' lang='grc' dir='ltr'><strong><em>φρέαρ</em></strong></span> <span class='ocrx_word' id='word_1_77' title='bbox 1051 1172 1087 1256; x_wconf 82' lang='grc' dir='ltr'>ἐς</span> <span class='ocrx_word' id='word_1_78' title='bbox 1114 1163 1323 1264; x_wconf 73' lang='grc' dir='ltr'><strong><em>συγγραφὴν</em></strong></span> 
     </span>
     <span class='ocr_line' id='line_1_10' title="bbox 214 1259 1322 1368; baseline -0.004 -23"><span class='ocrx_word' id='word_1_79' title='bbox 214 1275 394 1368; x_wconf 80' lang='grc' dir='ltr'><strong><em>παρέχεται</em></strong></span> <span class='ocrx_word' id='word_1_80' title='bbox 414 1265 579 1361; x_wconf 75' lang='grc' dir='ltr'><strong><em>κυμάτων</em></strong></span> <span class='ocrx_word' id='word_1_81' title='bbox 600 1259 687 1368; x_wconf 82' lang='grc' dir='ltr'><strong><em>ἦχον</em></strong></span> <span class='ocrx_word' id='word_1_82' title='bbox 703 1274 765 1360; x_wconf 35' lang='grc' dir='ltr'>,ἐπὶ</span> <span class='ocrx_word' id='word_1_83' title='bbox 786 1266 878 1366; x_wconf 80' lang='grc' dir='ltr'><strong><em>νότῳ</em></strong></span> <span class='ocrx_word' id='word_1_84' title='bbox 900 1266 1106 1342; x_wconf 78' lang='grc' dir='ltr'><strong><em>πνεύσαντι·</em></strong></span> <span class='ocrx_word' id='word_1_85' title='bbox 1137 1275 1194 1341; x_wconf 84' lang='grc' dir='ltr'>καὶ</span> <span class='ocrx_word' id='word_1_86' title='bbox 1216 1276 1322 1365; x_wconf 73' lang='grc' dir='ltr'><strong><em>τριαί-</em></strong></span> 
     </span>
     <span class='ocr_line' id='line_1_11' title="bbox 214 1375 1323 1472; baseline -0.004 -24"><span class='ocrx_word' id='word_1_87' title='bbox 214 1404 279 1472; x_wconf 83' lang='grc' dir='ltr'><strong><em>νης</em></strong></span> <span class='ocrx_word' id='word_1_88' title='bbox 296 1377 387 1446; x_wconf 78' lang='grc' dir='ltr'><strong><em>ἐστὶν</em></strong></span> <span class='ocrx_word' id='word_1_89' title='bbox 403 1377 438 1445; x_wconf 83' lang='grc' dir='ltr'><strong><em>έν</em></strong></span> <span class='ocrx_word' id='word_1_90' title='bbox 453 1380 494 1466; x_wconf 76' lang='grc' dir='ltr'>τῇ</span> <span class='ocrx_word' id='word_1_91' title='bbox 506 1375 615 1469; x_wconf 86' lang='grc' dir='ltr'><strong><em>πέτρμ</em></strong></span> <span class='ocrx_word' id='word_1_92' title='bbox 632 1380 762 1469; x_wconf 79' lang='grc' dir='ltr'><strong><em>σχῆμα·</em></strong></span> <span class='ocrx_word' id='word_1_93' title='bbox 786 1380 896 1446; x_wconf 86' lang='grc' dir='ltr'><strong><em>ταῦτα</em></strong></span> <span class='ocrx_word' id='word_1_94' title='bbox 917 1375 955 1444; x_wconf 81' lang='lat' dir='ltr'>di</span> <span class='ocrx_word' id='word_1_95' title='bbox 977 1377 1106 1468; x_wconf 80' lang='grc' dir='ltr'><strong><em>λέγεται</em></strong></span> <span class='ocrx_word' id='word_1_96' title='bbox 1123 1378 1323 1446; x_wconf 77' lang='grc' dir='ltr'><strong><em>Ποσειδῶνι</em></strong></span> 
     </span>
     <span class='ocr_line' id='line_1_12' title="bbox 216 1469 1218 1574; baseline -0.003 -24"><span class='ocrx_word' id='word_1_97' title='bbox 216 1472 434 1574; x_wconf 76' lang='grc' dir='ltr'>μαρτύρια29</span> <span class='ocrx_word' id='word_1_98' title='bbox 450 1478 485 1561; x_wconf 85' lang='grc' dir='ltr'>ές</span> <span class='ocrx_word' id='word_1_99' title='bbox 499 1469 562 1568; x_wconf 83' lang='grc' dir='ltr'><strong><em>τὴν</em></strong></span> <span class='ocrx_word' id='word_1_100' title='bbox 579 1472 837 1571; x_wconf 77' lang='grc' dir='ltr'><strong><em>ἀμφισβήτησιν</em></strong></span> <span class='ocrx_word' id='word_1_101' title='bbox 851 1482 913 1570; x_wconf 79' lang='grc' dir='ltr'>τῆς</span> <span class='ocrx_word' id='word_1_102' title='bbox 927 1471 1043 1570; x_wconf 75' lang='grc' dir='ltr'><strong><em>χώρας</em></strong></span> <span class='ocrx_word' id='word_1_103' title='bbox 1056 1482 1218 1571; x_wconf 78' lang='grc' dir='ltr'><strong><em>φανῆναι.</em></strong></span> 
     </span>
    </p>

    <p class='ocr_par' dir='ltr' id='par_1_3' title="bbox 181 1572 1325 1881">
     <span class='ocr_line' id='line_1_13' title="bbox 181 1572 1322 1675; baseline -0.004 -21"><span class='ocrx_word' id='word_1_104' title='bbox 181 1608 199 1662; x_wconf 82' lang='grc'><strong>6</strong></span> <span class='ocrx_word' id='word_1_105' title='bbox 231 1656 238 1669; x_wconf 71' lang='grc'><strong><em>,</em></strong></span> <span class='ocrx_word' id='word_1_106' title='bbox 295 1586 352 1674; x_wconf 85' lang='grc'>(7)</span> <span class='ocrx_word' id='word_1_107' title='bbox 374 1572 461 1670; x_wconf 74' lang='grc' dir='ltr'><strong><em>Ἱερὰ</em></strong></span> <span class='ocrx_word' id='word_1_108' title='bbox 476 1579 538 1668; x_wconf 82' lang='grc' dir='ltr'><strong><em>μέν</em></strong></span> <span class='ocrx_word' id='word_1_109' title='bbox 562 1585 625 1674; x_wconf 81' lang='grc' dir='ltr'>τῆς</span> <span class='ocrx_word' id='word_1_110' title='bbox 637 1572 786 1673; x_wconf 79' lang='grc' dir='ltr'><strong><em>Ἀθηνᾶς</em></strong></span> <span class='ocrx_word' id='word_1_111' title='bbox 800 1581 892 1650; x_wconf 77' lang='grc' dir='ltr'><strong><em>ἐστὶν</em></strong></span> <span class='ocrx_word' id='word_1_112' title='bbox 905 1573 929 1673; x_wconf 77' lang='grc' dir='ltr'><em>ἥ</em></span> <span class='ocrx_word' id='word_1_113' title='bbox 944 1606 978 1649; x_wconf 86' lang='grc' dir='ltr'>τε</span> <span class='ocrx_word' id='word_1_114' title='bbox 992 1575 1076 1673; x_wconf 78' lang='grc' dir='ltr'><strong><em>ἄλλη</em></strong></span> <span class='ocrx_word' id='word_1_115' title='bbox 1095 1574 1198 1666; x_wconf 88' lang='grc' dir='ltr'><strong><em>πόλις</em></strong></span> <span class='ocrx_word' id='word_1_116' title='bbox 1218 1581 1274 1651; x_wconf 81' lang='grc' dir='ltr'>καὶ</span> <span class='ocrx_word' id='word_1_117' title='bbox 1299 1576 1322 1675; x_wconf 80' lang='grc' dir='ltr'><em>ἡ</em></span> 
     </span>
     <span class='ocr_line' id='line_1_14' title="bbox 214 1675 1325 1776; baseline -0.004 -18"><span class='ocrx_word' id='word_1_118' title='bbox 214 1691 310 1758; x_wconf 84' lang='grc' dir='ltr'><strong><em>πᾶσα</em></strong></span> <span class='ocrx_word' id='word_1_119' title='bbox 323 1679 456 1772; x_wconf 84' lang='grc' dir='ltr'><strong><em>ὁμοίως</em></strong></span> <span class='ocrx_word' id='word_1_120' title='bbox 465 1685 509 1774; x_wconf 80' lang='grc' dir='ltr'>μῆ</span> <span class='ocrx_word' id='word_1_121' title='bbox 519 1705 527 1720; x_wconf 90' lang='grc'><em>·</em></span> <span class='ocrx_word' id='word_1_122' title='bbox 554 1676 689 1776; x_wconf 77' lang='grc' dir='ltr'><strong><em>καὶγὰρ</em></strong></span> <span class='ocrx_word' id='word_1_123' title='bbox 707 1677 807 1768; x_wconf 85' lang='grc' dir='ltr'><strong><em>ὅσοις</em></strong></span> <span class='ocrx_word' id='word_1_124' title='bbox 829 1675 942 1767; x_wconf 74' lang='grc' dir='ltr'><strong><em>θεοὺς</em></strong></span> <span class='ocrx_word' id='word_1_125' title='bbox 965 1684 1178 1775; x_wconf 78' lang='grc' dir='ltr'><strong><em>καθέστηκεν</em></strong></span> <span class='ocrx_word' id='word_1_126' title='bbox 1193 1678 1325 1769; x_wconf 80' lang='grc' dir='ltr'><strong><em>ἄλλους</em></strong></span> 
     </span>
     <span class='ocr_line' id='line_1_15' title="bbox 216 1773 1325 1881; baseline -0.002 -21"><span class='ocrx_word' id='word_1_127' title='bbox 216 1791 253 1860; x_wconf 80' lang='grc' dir='ltr'><strong><em>ἐν</em></strong></span> <span class='ocrx_word' id='word_1_128' title='bbox 267 1800 342 1871; x_wconf 75' lang='grc' dir='ltr'><strong><em>τοῖς</em></strong></span> <span class='ocrx_word' id='word_1_129' title='bbox 356 1778 482 1879; x_wconf 76' lang='grc' dir='ltr'><strong><em>ῦήμοις</em></strong></span> <span class='ocrx_word' id='word_1_130' title='bbox 496 1783 625 1874; x_wconf 78' lang='grc' dir='ltr'><strong><em>σέβειν,</em></strong></span> <span class='ocrx_word' id='word_1_131' title='bbox 647 1778 755 1856; x_wconf 77' lang='grc' dir='ltr'><strong><em>οὐθέν</em></strong></span> <span class='ocrx_word' id='word_1_132' title='bbox 768 1784 843 1855; x_wconf 71' lang='grc' dir='ltr'>τι30</span> <span class='ocrx_word' id='word_1_133' title='bbox 859 1773 972 1879; x_wconf 77' lang='grc' dir='ltr'><strong><em>ἧσσον</em></strong></span> <span class='ocrx_word' id='word_1_134' title='bbox 985 1779 1048 1880; x_wconf 71' lang='grc' dir='ltr'><strong><em>τὴν</em></strong></span> <span class='ocrx_word' id='word_1_135' title='bbox 1061 1778 1207 1879; x_wconf 80' lang='grc' dir='ltr'><strong><em>Ἀθηνᾶν</em></strong></span> <span class='ocrx_word' id='word_1_136' title='bbox 1218 1781 1325 1881; x_wconf 78' lang='grc' dir='ltr'><strong><em>ἄγου-</em></strong></span> 
     </span>
    </p>

    <p class='ocr_par' dir='ltr' id='par_1_4' title="bbox 105 1878 1325 2086">
     <span class='ocr_line' id='line_1_16' title="bbox 105 1878 1323 1983; baseline -0.001 -22"><span class='ocrx_word' id='word_1_137' title='bbox 105 1932 109 1943; x_wconf 90' lang='grc'>·</span> <span class='ocrx_word' id='word_1_138' title='bbox 218 1906 275 1961; x_wconf 88' lang='grc' dir='ltr'>σιν</span> <span class='ocrx_word' id='word_1_139' title='bbox 291 1891 328 1959; x_wconf 82' lang='grc' dir='ltr'><strong><em>ἐν</em></strong></span> <span class='ocrx_word' id='word_1_140' title='bbox 342 1892 442 1979; x_wconf 72' lang='grc' dir='ltr'><strong><em>τιμῇ·</em></strong></span> <span class='ocrx_word' id='word_1_141' title='bbox 469 1878 510 1957; x_wconf 84' lang='grc' dir='ltr'>τὸ</span> <span class='ocrx_word' id='word_1_142' title='bbox 529 1887 566 1956; x_wconf 76' lang='grc' dir='ltr'>δέ</span> <span class='ocrx_word' id='word_1_143' title='bbox 588 1881 777 1981; x_wconf 72' lang='grc' dir='ltr'><strong><em>ἁγιώτατον</em></strong></span> <span class='ocrx_word' id='word_1_144' title='bbox 796 1890 832 1959; x_wconf 81' lang='grc' dir='ltr'><strong><em>έν</em></strong></span> <span class='ocrx_word' id='word_1_145' title='bbox 852 1893 959 1982; x_wconf 76' lang='grc' dir='ltr'><strong><em>κοινῷ</em></strong></span> <span class='ocrx_word' id='word_1_146' title='bbox 978 1892 1124 1974; x_wconf 80' lang='grc' dir='ltr'><strong><em>πολλοῖς</em></strong></span> <span class='ocrx_word' id='word_1_147' title='bbox 1146 1883 1323 1983; x_wconf 89' lang='grc' dir='ltr'><strong><em>πρότερον</em></strong></span> 
     </span>
     <span class='ocr_line' id='line_1_17' title="bbox 217 1983 1325 2086; baseline -0.001 -22"><span class='ocrx_word' id='word_1_148' title='bbox 217 1989 387 2084; x_wconf 69' lang='grc' dir='ltr'><strong><em>νομισθὲν</em></strong></span> <span class='ocrx_word' id='word_1_149' title='bbox 413 1991 521 2060; x_wconf 86' lang='grc' dir='ltr'><strong><em>έτεσιν</em></strong></span> <span class='ocrx_word' id='word_1_150' title='bbox 548 1983 572 2084; x_wconf 72' lang='grc' dir='ltr'><em>ἢ</em></span> <span class='ocrx_word' id='word_1_151' title='bbox 599 1995 782 2086; x_wconf 80' lang='grc' dir='ltr'><strong><em>συνῆλθον</em></strong></span> <span class='ocrx_word' id='word_1_152' title='bbox 795 1989 828 2037; x_wconf 80' lang='lat'>³¹</span> <span class='ocrx_word' id='word_1_153' title='bbox 861 1984 930 2061; x_wconf 77' lang='grc' dir='ltr'>ἀπὸ</span> <span class='ocrx_word' id='word_1_154' title='bbox 965 1997 1036 2062; x_wconf 79' lang='grc' dir='ltr'><strong><em>τῶν</em></strong></span> <span class='ocrx_word' id='word_1_155' title='bbox 1067 1985 1189 2085; x_wconf 69' lang='grc' dir='ltr'><strong><em>τλήμων</em></strong></span> <span class='ocrx_word' id='word_1_156' title='bbox 1232 1993 1325 2063; x_wconf 76' lang='grc' dir='ltr'><strong><em>ἐστὶν</em></strong></span> 
     </span>
    </p>
   </div>
   <div class='ocr_carea' id='block_1_3' title="bbox 103 2162 1434 3520">
    <p class='ocr_par' dir='ltr' id='par_1_5' title="bbox 103 2162 1434 3520">
     <span class='ocr_line' id='line_1_18' title="bbox 217 2162 1326 2241; baseline -0.003 -19"><span class='ocrx_word' id='word_1_157' title='bbox 217 2174 312 2222; x_wconf 90' lang='lat' dir='ltr'>nunt:</span> <span class='ocrx_word' id='word_1_158' title='bbox 335 2182 368 2219; x_wconf 82' lang='lat' dir='ltr'>ac</span> <span class='ocrx_word' id='word_1_159' title='bbox 390 2164 462 2221; x_wconf 81' lang='lat' dir='ltr'>vino</span> <span class='ocrx_word' id='word_1_160' title='bbox 483 2165 664 2240; x_wconf 87' lang='lat' dir='ltr'>quominus</span> <span class='ocrx_word' id='word_1_161' title='bbox 687 2175 831 2237; x_wconf 84' lang='lat' dir='ltr'>utantur,</span> <span class='ocrx_word' id='word_1_162' title='bbox 862 2163 1008 2238; x_wconf 83' lang='lat' dir='ltr'><strong>religione</strong></span> <span class='ocrx_word' id='word_1_163' title='bbox 1030 2162 1238 2241; x_wconf 85' lang='lat' dir='ltr'>prohibentur.</span> <span class='ocrx_word' id='word_1_164' title='bbox 1288 2164 1326 2219; x_wconf 91' lang='lat' dir='ltr'>In</span> 
     </span>
     <span class='ocr_line' id='line_1_19' title="bbox 217 2245 1326 2328; baseline -0.004 -22"><span class='ocrx_word' id='word_1_165' title='bbox 217 2251 283 2328; x_wconf 88' lang='lat' dir='ltr'>ipso</span> <span class='ocrx_word' id='word_1_166' title='bbox 306 2245 389 2304; x_wconf 80' lang='lat' dir='ltr'>aditu</span> <span class='ocrx_word' id='word_1_167' title='bbox 405 2267 474 2305; x_wconf 81' lang='lat' dir='ltr'>arae</span> <span class='ocrx_word' id='word_1_168' title='bbox 489 2258 579 2323; x_wconf 86' lang='lat' dir='ltr'>sunt,</span> <span class='ocrx_word' id='word_1_169' title='bbox 601 2251 735 2328; x_wconf 77' lang='lat' dir='ltr'>Neptuni</span> <span class='ocrx_word' id='word_1_170' title='bbox 749 2267 827 2322; x_wconf 87' lang='lat' dir='ltr'>una,</span> <span class='ocrx_word' id='word_1_171' title='bbox 850 2247 889 2305; x_wconf 83' lang='lat' dir='ltr'>ad</span> <span class='ocrx_word' id='word_1_172' title='bbox 909 2266 1001 2326; x_wconf 85' lang='lat' dir='ltr'>quam</span> <span class='ocrx_word' id='word_1_173' title='bbox 1020 2267 1061 2304; x_wconf 86' lang='lat' dir='ltr'>ex</span> <span class='ocrx_word' id='word_1_174' title='bbox 1089 2250 1210 2306; x_wconf 81' lang='lat' dir='ltr'>oraculo</span> <span class='ocrx_word' id='word_1_175' title='bbox 1234 2249 1326 2304; x_wconf 81' lang='lat' dir='ltr'>etiam</span> 
     </span>
     <span class='ocr_line' id='line_1_20' title="bbox 165 2329 1326 2406; baseline -0.005 -12"><span class='ocrx_word' id='word_1_176' title='bbox 165 2400 168 2406; x_wconf 57' lang='grc'><strong><em>,</em></strong></span> <span class='ocrx_word' id='word_1_177' title='bbox 217 2330 387 2394; x_wconf 83' lang='lat' dir='ltr'>Erechtheo</span> <span class='ocrx_word' id='word_1_178' title='bbox 409 2352 473 2391; x_wconf 87' lang='lat' dir='ltr'>rem</span> <span class='ocrx_word' id='word_1_179' title='bbox 484 2329 617 2390; x_wconf 81' lang='lat' dir='ltr'>divinam</span> <span class='ocrx_word' id='word_1_180' title='bbox 632 2335 764 2391; x_wconf 81' lang='lat' dir='ltr'>faciunt:</span> <span class='ocrx_word' id='word_1_181' title='bbox 786 2334 883 2390; x_wconf 82' lang='lat' dir='ltr'>Butae</span> <span class='ocrx_word' id='word_1_182' title='bbox 897 2329 997 2389; x_wconf 83' lang='lat' dir='ltr'><strong>herois</strong></span> <span class='ocrx_word' id='word_1_183' title='bbox 1011 2334 1125 2390; x_wconf 81' lang='lat' dir='ltr'>altera:</span> <span class='ocrx_word' id='word_1_184' title='bbox 1148 2337 1236 2391; x_wconf 86' lang='lat' dir='ltr'>tertia</span> <span class='ocrx_word' id='word_1_185' title='bbox 1250 2333 1326 2392; x_wconf 93' lang='lat' dir='ltr'>Vul-</span> 
     </span>
     <span class='ocr_line' id='line_1_21' title="bbox 218 2416 1327 2499; baseline -0.005 -21"><span class='ocrx_word' id='word_1_186' title='bbox 218 2421 296 2478; x_wconf 81' lang='lat' dir='ltr'>cani.</span> <span class='ocrx_word' id='word_1_187' title='bbox 339 2422 375 2476; x_wconf 93' lang='lat' dir='ltr'>In</span> <span class='ocrx_word' id='word_1_188' title='bbox 388 2419 553 2497; x_wconf 82' lang='lat' dir='ltr'>parietibus</span> <span class='ocrx_word' id='word_1_189' title='bbox 569 2421 649 2499; x_wconf 79' lang='lat' dir='ltr'>picta</span> <span class='ocrx_word' id='word_1_190' title='bbox 666 2429 747 2492; x_wconf 87' lang='lat' dir='ltr'>sunt,</span> <span class='ocrx_word' id='word_1_191' title='bbox 764 2438 841 2498; x_wconf 82' lang='lat' dir='ltr'>quae</span> <span class='ocrx_word' id='word_1_192' title='bbox 856 2417 895 2475; x_wconf 82' lang='lat' dir='ltr'>ad</span> <span class='ocrx_word' id='word_1_193' title='bbox 911 2416 1097 2475; x_wconf 81' lang='lat' dir='ltr'>Butadarum</span> <span class='ocrx_word' id='word_1_194' title='bbox 1117 2428 1239 2496; x_wconf 81' lang='lat' dir='ltr'>gentem</span> <span class='ocrx_word' id='word_1_195' title='bbox 1255 2436 1327 2496; x_wconf 84' lang='lat' dir='ltr'>per-</span> 
     </span>
     <span class='ocr_line' id='line_1_22' title="bbox 216 2502 1326 2584; baseline -0.005 -21"><span class='ocrx_word' id='word_1_196' title='bbox 216 2509 324 2564; x_wconf 84' lang='lat' dir='ltr'>tinent.</span> <span class='ocrx_word' id='word_1_197' title='bbox 368 2502 468 2562; x_wconf 86' lang='lat' dir='ltr'>Aedes</span> <span class='ocrx_word' id='word_1_198' title='bbox 483 2505 551 2583; x_wconf 85' lang='lat' dir='ltr'>ipsa</span> <span class='ocrx_word' id='word_1_199' title='bbox 566 2504 684 2582; x_wconf 84' lang='lat' dir='ltr'>duplex</span> <span class='ocrx_word' id='word_1_200' title='bbox 699 2514 753 2562; x_wconf 89' lang='lat' dir='ltr'>est.</span> <span class='ocrx_word' id='word_1_201' title='bbox 805 2507 841 2560; x_wconf 88' lang='lat' dir='ltr'>ln</span> <span class='ocrx_word' id='word_1_202' title='bbox 868 2523 902 2560; x_wconf 83' lang='lat' dir='ltr'>ea</span> <span class='ocrx_word' id='word_1_203' title='bbox 923 2506 1058 2561; x_wconf 83' lang='lat' dir='ltr'>marinae</span> <span class='ocrx_word' id='word_1_204' title='bbox 1082 2523 1178 2584; x_wconf 77' lang='lat' dir='ltr'>aquae</span> <span class='ocrx_word' id='word_1_205' title='bbox 1199 2513 1326 2584; x_wconf 88' lang='lat' dir='ltr'>puteus:</span> 
     </span>
     <span class='ocr_line' id='line_1_23' title="bbox 216 2587 1389 2674; baseline -0.005 -25"><span class='ocrx_word' id='word_1_206' title='bbox 216 2588 298 2674; x_wconf 90' lang='lat' dir='ltr'>quod</span> <span class='ocrx_word' id='word_1_207' title='bbox 314 2600 393 2648; x_wconf 83' lang='lat' dir='ltr'>certe</span> <span class='ocrx_word' id='word_1_208' title='bbox 406 2590 556 2647; x_wconf 81' lang='lat' dir='ltr'>miraculo</span> <span class='ocrx_word' id='word_1_209' title='bbox 575 2607 638 2646; x_wconf 88' lang='lat' dir='ltr'>uon</span> <span class='ocrx_word' id='word_1_210' title='bbox 650 2587 870 2668; x_wconf 81' lang='lat' dir='ltr'>adscripserim.</span> <span class='ocrx_word' id='word_1_211' title='bbox 914 2592 992 2646; x_wconf 83' lang='lat' dir='ltr'>Nam</span> <span class='ocrx_word' id='word_1_212' title='bbox 1009 2600 1038 2646; x_wconf 87' lang='lat' dir='ltr'>et</span> <span class='ocrx_word' id='word_1_213' title='bbox 1053 2609 1092 2646; x_wconf 86' lang='lat' dir='ltr'>ex</span> <span class='ocrx_word' id='word_1_214' title='bbox 1109 2592 1161 2664; x_wconf 81' lang='lat' dir='ltr'>iis,</span> <span class='ocrx_word' id='word_1_215' title='bbox 1188 2591 1241 2668; x_wconf 94' lang='lat' dir='ltr'>qui</span> <span class='ocrx_word' id='word_1_216' title='bbox 1259 2608 1327 2644; x_wconf 91' lang='lat' dir='ltr'>me·</span> <span class='ocrx_word' id='word_1_217' title='bbox 1380 2596 1389 2603; x_wconf 82' lang='lat'><strong>&#39;</strong></span> 
     </span>
     <span class='ocr_line' id='line_1_24' title="bbox 217 2673 1326 2754; baseline -0.005 -20"><span class='ocrx_word' id='word_1_218' title='bbox 217 2675 387 2734; x_wconf 81' lang='lat' dir='ltr'>diterranea</span> <span class='ocrx_word' id='word_1_219' title='bbox 408 2676 565 2746; x_wconf 85' lang='lat' dir='ltr'>incolunt,</span> <span class='ocrx_word' id='word_1_220' title='bbox 582 2675 654 2747; x_wconf 81' lang='lat' dir='ltr'>alti,</span> <span class='ocrx_word' id='word_1_221' title='bbox 683 2685 712 2732; x_wconf 86' lang='lat' dir='ltr'>et</span> <span class='ocrx_word' id='word_1_222' title='bbox 733 2678 766 2732; x_wconf 92' lang='lat' dir='ltr'>in</span> <span class='ocrx_word' id='word_1_223' title='bbox 790 2676 896 2754; x_wconf 89' lang='lat' dir='ltr'>primis</span> <span class='ocrx_word' id='word_1_224' title='bbox 917 2677 1052 2732; x_wconf 73' lang='lat' dir='ltr'>incuria</span> <span class='ocrx_word' id='word_1_225' title='bbox 1074 2673 1326 2754; x_wconf 81' lang='lat' dir='ltr'>Aphrodisienses</span> 
     </span>
     <span class='ocr_line' id='line_1_25' title="bbox 103 2756 1434 2839; baseline -0.005 -19"><span class='ocrx_word' id='word_1_226' title='bbox 103 2807 105 2810; x_wconf 85' lang='grc'><strong>-</strong></span> <span class='ocrx_word' id='word_1_227' title='bbox 215 2763 310 2820; x_wconf 83' lang='lat' dir='ltr'>talem</span> <span class='ocrx_word' id='word_1_228' title='bbox 322 2770 448 2839; x_wconf 84' lang='lat' dir='ltr'>puteum</span> <span class='ocrx_word' id='word_1_229' title='bbox 462 2756 587 2816; x_wconf 72' lang='lat' dir='ltr'>habent.</span> <span class='ocrx_word' id='word_1_230' title='bbox 615 2758 676 2819; x_wconf 89' lang='lat' dir='ltr'>Sed</span> <span class='ocrx_word' id='word_1_231' title='bbox 691 2758 772 2839; x_wconf 91' lang='lat' dir='ltr'>quod</span> <span class='ocrx_word' id='word_1_232' title='bbox 788 2761 883 2817; x_wconf 88' lang='lat' dir='ltr'>literis</span> <span class='ocrx_word' id='word_1_233' title='bbox 896 2756 1104 2817; x_wconf 78' lang='lat' dir='ltr'>mandandum</span> <span class='ocrx_word' id='word_1_234' title='bbox 1121 2762 1175 2832; x_wconf 86' lang='lat' dir='ltr'>sit,</span> <span class='ocrx_word' id='word_1_235' title='bbox 1191 2757 1224 2815; x_wconf 92' lang='lat' dir='ltr'>id</span> <span class='ocrx_word' id='word_1_236' title='bbox 1236 2777 1327 2814; x_wconf 88' lang='lat' dir='ltr'>nem·</span> <span class='ocrx_word' id='word_1_237' title='bbox 1431 2788 1434 2795; x_wconf 92' lang='lat'>·</span> 
     </span>
     <span class='ocr_line' id='line_1_26' title="bbox 218 2838 1327 2926; baseline -0.005 -22"><span class='ocrx_word' id='word_1_238' title='bbox 218 2866 258 2926; x_wconf 89' lang='lat' dir='ltr'>pe</span> <span class='ocrx_word' id='word_1_239' title='bbox 277 2854 340 2919; x_wconf 87' lang='lat' dir='ltr'>est,</span> <span class='ocrx_word' id='word_1_240' title='bbox 355 2843 438 2923; x_wconf 92' lang='lat' dir='ltr'>quod</span> <span class='ocrx_word' id='word_1_241' title='bbox 454 2844 546 2900; x_wconf 83' lang='lat' dir='ltr'>flante</span> <span class='ocrx_word' id='word_1_242' title='bbox 561 2838 660 2903; x_wconf 79' lang='lat' dir='ltr'>austro</span> <span class='ocrx_word' id='word_1_243' title='bbox 675 2844 827 2903; x_wconf 80' lang='lat' dir='ltr'>undarum</span> <span class='ocrx_word' id='word_1_244' title='bbox 842 2849 977 2902; x_wconf 89' lang='lat' dir='ltr'>sonitum</span> <span class='ocrx_word' id='word_1_245' title='bbox 990 2843 1104 2903; x_wconf 84' lang='lat' dir='ltr'>reddit:</span> <span class='ocrx_word' id='word_1_246' title='bbox 1135 2843 1277 2926; x_wconf 86' lang='lat' dir='ltr'>quodque</span> <span class='ocrx_word' id='word_1_247' title='bbox 1295 2846 1327 2899; x_wconf 91' lang='lat' dir='ltr'>in</span> 
     </span>
     <span class='ocr_line' id='line_1_27' title="bbox 219 2925 1416 3001; baseline -0.006 -11"><span class='ocrx_word' id='word_1_248' title='bbox 219 2950 295 2990; x_wconf 70' lang='lat' dir='ltr'>saxo</span> <span class='ocrx_word' id='word_1_249' title='bbox 309 2927 450 2987; x_wconf 78' lang='lat' dir='ltr'>tridentis</span> <span class='ocrx_word' id='word_1_250' title='bbox 465 2929 564 2987; x_wconf 82' lang='lat' dir='ltr'>forma</span> <span class='ocrx_word' id='word_1_251' title='bbox 577 2931 672 2989; x_wconf 84' lang='lat' dir='ltr'>incisa</span> <span class='ocrx_word' id='word_1_252' title='bbox 690 2943 744 2989; x_wconf 90' lang='lat' dir='ltr'>est.</span> <span class='ocrx_word' id='word_1_253' title='bbox 808 2932 890 3001; x_wconf 80' lang='lat' dir='ltr'>Quae</span> <span class='ocrx_word' id='word_1_254' title='bbox 910 2950 975 2988; x_wconf 86' lang='lat' dir='ltr'>esse</span> <span class='ocrx_word' id='word_1_255' title='bbox 999 2943 1198 2989; x_wconf 81' lang='lat' dir='ltr'>momunenta</span> <span class='ocrx_word' id='word_1_256' title='bbox 1224 2925 1328 2987; x_wconf 79' lang='lat' dir='ltr'>dicunt</span> <span class='ocrx_word' id='word_1_257' title='bbox 1411 2979 1416 2997; x_wconf 70' lang='grc'><strong><em>,</em></strong></span> 
     </span>
     <span class='ocr_line' id='line_1_28' title="bbox 219 3012 1328 3095; baseline -0.003 -21"><span class='ocrx_word' id='word_1_258' title='bbox 219 3017 301 3088; x_wconf 87' lang='lat' dir='ltr'>eius,</span> <span class='ocrx_word' id='word_1_259' title='bbox 326 3012 409 3092; x_wconf 86' lang='lat' dir='ltr'>quod</span> <span class='ocrx_word' id='word_1_260' title='bbox 427 3016 587 3072; x_wconf 72' lang='lat' dir='ltr'>Minervae</span> <span class='ocrx_word' id='word_1_261' title='bbox 602 3038 672 3076; x_wconf 80' lang='lat' dir='ltr'>cum</span> <span class='ocrx_word' id='word_1_262' title='bbox 695 3020 835 3095; x_wconf 83' lang='lat' dir='ltr'>Neptuno</span> <span class='ocrx_word' id='word_1_263' title='bbox 855 3017 915 3072; x_wconf 90' lang='lat' dir='ltr'>fuit</span> <span class='ocrx_word' id='word_1_264' title='bbox 936 3014 974 3072; x_wconf 91' lang='lat' dir='ltr'>de</span> <span class='ocrx_word' id='word_1_265' title='bbox 994 3019 1112 3091; x_wconf 84' lang='lat' dir='ltr'>Attica,</span> <span class='ocrx_word' id='word_1_266' title='bbox 1146 3016 1328 3075; x_wconf 79' lang='lat' dir='ltr'>certaminis.</span> 
     </span>
     <span class='ocr_line' id='line_1_29' title="bbox 218 3095 1328 3178; baseline -0.001 -22"><span class='ocrx_word' id='word_1_267' title='bbox 218 3097 267 3178; x_wconf 82' lang='lat'>(7)</span> <span class='ocrx_word' id='word_1_268' title='bbox 288 3100 328 3156; x_wconf 90' lang='lat' dir='ltr'>Et</span> <span class='ocrx_word' id='word_1_269' title='bbox 340 3116 424 3156; x_wconf 82' lang='lat' dir='ltr'>sacra</span> <span class='ocrx_word' id='word_1_270' title='bbox 440 3095 564 3176; x_wconf 90' lang='lat' dir='ltr'>quidem</span> <span class='ocrx_word' id='word_1_271' title='bbox 576 3100 730 3156; x_wconf 80' lang='lat' dir='ltr'>Minervae</span> <span class='ocrx_word' id='word_1_272' title='bbox 749 3118 844 3177; x_wconf 90' lang='lat' dir='ltr'>quum</span> <span class='ocrx_word' id='word_1_273' title='bbox 860 3101 947 3172; x_wconf 79' lang='lat' dir='ltr'>urbs,</span> <span class='ocrx_word' id='word_1_274' title='bbox 962 3111 1028 3157; x_wconf 87' lang='lat' dir='ltr'>tum</span> <span class='ocrx_word' id='word_1_275' title='bbox 1045 3104 1127 3177; x_wconf 87' lang='lat' dir='ltr'>regio</span> <span class='ocrx_word' id='word_1_276' title='bbox 1143 3115 1188 3161; x_wconf 85' lang='lat' dir='ltr'>est</span> <span class='ocrx_word' id='word_1_277' title='bbox 1204 3104 1328 3160; x_wconf 87' lang='lat' dir='ltr'>univer-</span> 
     </span>
     <span class='ocr_line' id='line_1_30' title="bbox 219 3181 1329 3264; baseline -0.003 -21"><span class='ocrx_word' id='word_1_278' title='bbox 219 3202 264 3244; x_wconf 79' lang='lat' dir='ltr'>sa.</span> <span class='ocrx_word' id='word_1_279' title='bbox 311 3184 419 3241; x_wconf 77' lang='lat' dir='ltr'>Curiae</span> <span class='ocrx_word' id='word_1_280' title='bbox 438 3184 519 3240; x_wconf 90' lang='lat' dir='ltr'>e&#39;uim</span> <span class='ocrx_word' id='word_1_281' title='bbox 534 3192 563 3240; x_wconf 84' lang='lat' dir='ltr'>et</span> <span class='ocrx_word' id='word_1_282' title='bbox 582 3205 652 3244; x_wconf 85' lang='lat' dir='ltr'>suos</span> <span class='ocrx_word' id='word_1_283' title='bbox 667 3203 805 3264; x_wconf 84' lang='lat' dir='ltr'>quaeque</span> <span class='ocrx_word' id='word_1_284' title='bbox 828 3181 899 3242; x_wconf 85' lang='lat' dir='ltr'>deos</span> <span class='ocrx_word' id='word_1_285' title='bbox 915 3184 1058 3263; x_wconf 81' lang='lat' dir='ltr'>privatim</span> <span class='ocrx_word' id='word_1_286' title='bbox 1074 3188 1196 3261; x_wconf 84' lang='lat' dir='ltr'>colunt,</span> <span class='ocrx_word' id='word_1_287' title='bbox 1224 3198 1254 3244; x_wconf 93' lang='lat' dir='ltr'>et</span> <span class='ocrx_word' id='word_1_288' title='bbox 1268 3186 1329 3241; x_wconf 90' lang='lat' dir='ltr'>Mi-</span> 
     </span>
     <span class='ocr_line' id='line_1_31' title="bbox 214 3270 1329 3330; baseline -0.001 -4"><span class='ocrx_word' id='word_1_289' title='bbox 214 3288 330 3326; x_wconf 79' lang='lat' dir='ltr'>nervae</span> <span class='ocrx_word' id='word_1_290' title='bbox 353 3270 553 3326; x_wconf 80' lang='lat' dir='ltr'>communiter</span> <span class='ocrx_word' id='word_1_291' title='bbox 575 3270 710 3327; x_wconf 80' lang='lat' dir='ltr'>divinam</span> <span class='ocrx_word' id='word_1_292' title='bbox 733 3288 798 3325; x_wconf 85' lang='lat' dir='ltr'>rem</span> <span class='ocrx_word' id='word_1_293' title='bbox 820 3270 945 3328; x_wconf 83' lang='lat' dir='ltr'>faciunt.</span> <span class='ocrx_word' id='word_1_294' title='bbox 995 3272 1140 3328; x_wconf 88' lang='lat' dir='ltr'>Omnium</span> <span class='ocrx_word' id='word_1_295' title='bbox 1160 3294 1229 3330; x_wconf 82' lang='lat' dir='ltr'>vero</span> <span class='ocrx_word' id='word_1_296' title='bbox 1257 3290 1329 3328; x_wconf 80' lang='lat' dir='ltr'>san-</span> 
     </span>
     <span class='ocr_line' id='line_1_32' title="bbox 220 3352 1329 3433; baseline -0.002 -21"><span class='ocrx_word' id='word_1_297' title='bbox 220 3355 389 3431; x_wconf 79' lang='lat' dir='ltr'>ctissimum</span> <span class='ocrx_word' id='word_1_298' title='bbox 404 3355 557 3412; x_wconf 83' lang='lat' dir='ltr'>Minervae</span> <span class='ocrx_word' id='word_1_299' title='bbox 581 3358 704 3433; x_wconf 87' lang='lat' dir='ltr'>signum</span> <span class='ocrx_word' id='word_1_300' title='bbox 729 3352 807 3410; x_wconf 85' lang='lat' dir='ltr'>illud</span> <span class='ocrx_word' id='word_1_301' title='bbox 826 3365 889 3428; x_wconf 85' lang='lat' dir='ltr'>est,</span> <span class='ocrx_word' id='word_1_302' title='bbox 919 3352 1001 3433; x_wconf 86' lang='lat' dir='ltr'>quod</span> <span class='ocrx_word' id='word_1_303' title='bbox 1023 3357 1128 3413; x_wconf 86' lang='lat' dir='ltr'>multis</span> <span class='ocrx_word' id='word_1_304' title='bbox 1151 3369 1220 3415; x_wconf 86' lang='lat' dir='ltr'>ante</span> <span class='ocrx_word' id='word_1_305' title='bbox 1242 3356 1329 3411; x_wconf 84' lang='lat' dir='ltr'>annis</span> 
     </span>
     <span class='ocr_line' id='line_1_33' title="bbox 142 3437 1385 3520; baseline -0.004 -23"><span class='ocrx_word' id='word_1_306' title='bbox 142 3488 148 3507; x_wconf 73' lang='grc'>.,</span> <span class='ocrx_word' id='word_1_307' title='bbox 219 3439 257 3498; x_wconf 86' lang='lat' dir='ltr'>de</span> <span class='ocrx_word' id='word_1_308' title='bbox 285 3442 440 3500; x_wconf 86' lang='lat' dir='ltr'>communi</span> <span class='ocrx_word' id='word_1_309' title='bbox 470 3443 607 3499; x_wconf 89' lang='lat' dir='ltr'>omnium</span> <span class='ocrx_word' id='word_1_310' title='bbox 637 3437 853 3519; x_wconf 84' lang='lat' dir='ltr'>oppidulorum</span> <span class='ocrx_word' id='word_1_311' title='bbox 873 3443 1021 3515; x_wconf 83' lang='lat' dir='ltr'>consilio,</span> <span class='ocrx_word' id='word_1_312' title='bbox 1053 3460 1149 3520; x_wconf 91' lang='lat' dir='ltr'>quum</span> <span class='ocrx_word' id='word_1_313' title='bbox 1172 3446 1204 3499; x_wconf 89' lang='lat' dir='ltr'>in</span> <span class='ocrx_word' id='word_1_314' title='bbox 1237 3457 1330 3496; x_wconf 82' lang='lat' dir='ltr'>unam</span> <span class='ocrx_word' id='word_1_315' title='bbox 1381 3470 1385 3476; x_wconf 72' lang='lat'><em>›</em></span> 
     </span>
    </p>
   </div>
   <div class='ocr_carea' id='block_1_4' title="bbox 170 3597 1333 4362">
    <p class='ocr_par' dir='ltr' id='par_1_6' title="bbox 170 3597 1333 4362">
     <span class='ocr_line' id='line_1_34' title="bbox 253 3597 1331 3675; baseline -0.006 -15"><span class='ocrx_word' id='word_1_316' title='bbox 253 3608 297 3662; x_wconf 80' lang='lat'>23.</span> <span class='ocrx_word' id='word_1_317' title='bbox 316 3601 348 3659; x_wconf 82' lang='grc' dir='ltr'>έκ</span> <span class='ocrx_word' id='word_1_318' title='bbox 360 3623 411 3659; x_wconf 84' lang='grc' dir='ltr'>του</span> <span class='ocrx_word' id='word_1_319' title='bbox 423 3606 494 3663; x_wconf 85' lang='lat' dir='ltr'>coni.</span> <span class='ocrx_word' id='word_1_320' title='bbox 507 3606 539 3659; x_wconf 85' lang='lat' dir='ltr'>C.</span> <span class='ocrx_word' id='word_1_321' title='bbox 559 3605 637 3660; x_wconf 85' lang='lat' dir='ltr'>Pors.</span> <span class='ocrx_word' id='word_1_322' title='bbox 658 3605 760 3675; x_wconf 86' lang='lat' dir='ltr'>recepit</span> <span class='ocrx_word' id='word_1_323' title='bbox 794 3614 835 3658; x_wconf 84' lang='lat' dir='ltr'>est</span> <span class='ocrx_word' id='word_1_324' title='bbox 849 3608 881 3658; x_wconf 83' lang='lat' dir='ltr'>ab</span> <span class='ocrx_word' id='word_1_325' title='bbox 892 3606 963 3660; x_wconf 86' lang='lat' dir='ltr'>Edd.</span> <span class='ocrx_word' id='word_1_326' title='bbox 977 3607 1062 3662; x_wconf 80' lang='lat' dir='ltr'>codd.</span> <span class='ocrx_word' id='word_1_327' title='bbox 1097 3623 1157 3659; x_wconf 81' lang='lat' dir='ltr'>mox</span> <span class='ocrx_word' id='word_1_328' title='bbox 1174 3597 1331 3673; x_wconf 79' lang='grc' dir='ltr'><strong><em>παράχειαι</em></strong></span> 
     </span>
     <span class='ocr_line' id='line_1_35' title="bbox 219 3671 1099 3743; baseline 0 -14"><span class='ocrx_word' id='word_1_329' title='bbox 219 3677 273 3730; x_wconf 84' lang='lat' dir='ltr'>SB.</span> <span class='ocrx_word' id='word_1_330' title='bbox 793 3676 836 3728; x_wconf 84' lang='lat' dir='ltr'>Va</span> <span class='ocrx_word' id='word_1_331' title='bbox 849 3683 877 3727; x_wconf 86' lang='lat' dir='ltr'>et</span> <span class='ocrx_word' id='word_1_332' title='bbox 887 3671 1035 3743; x_wconf 82' lang='grc' dir='ltr'><strong><em>συμριιφὴν</em></strong></span> <span class='ocrx_word' id='word_1_333' title='bbox 1048 3677 1099 3730; x_wconf 89' lang='lat' dir='ltr'>Vb.</span> 
     </span>
     <span class='ocr_line' id='line_1_36' title="bbox 170 3733 1330 3812; baseline -0.003 -14"><span class='ocrx_word' id='word_1_334' title='bbox 170 3789 177 3805; x_wconf 75' lang='grc'><strong><em>,</em></strong></span> <span class='ocrx_word' id='word_1_335' title='bbox 253 3743 296 3798; x_wconf 82' lang='grc'><strong>24.</strong></span> <span class='ocrx_word' id='word_1_336' title='bbox 321 3738 484 3810; x_wconf 73' lang='grc' dir='ltr'><strong><em>ἦρωωςΙιε.</em></strong></span> <span class='ocrx_word' id='word_1_337' title='bbox 510 3737 607 3794; x_wconf 79' lang='grc' dir='ltr'><strong><em>Βώτου</em></strong></span> <span class='ocrx_word' id='word_1_338' title='bbox 627 3743 695 3806; x_wconf 82' lang='lat' dir='ltr'><strong>Va.;</strong></span> <span class='ocrx_word' id='word_1_339' title='bbox 720 3742 759 3794; x_wconf 80' lang='grc' dir='ltr'>τῶ</span> <span class='ocrx_word' id='word_1_340' title='bbox 828 3746 872 3798; x_wconf 87' lang='grc'><strong>29.</strong></span> <span class='ocrx_word' id='word_1_341' title='bbox 914 3746 1035 3812; x_wconf 83' lang='grc' dir='ltr'><strong><em>αρτυρία</em></strong></span> <span class='ocrx_word' id='word_1_342' title='bbox 1058 3746 1095 3798; x_wconf 87' lang='grc' dir='ltr'><strong>Ν.</strong></span> <span class='ocrx_word' id='word_1_343' title='bbox 1120 3751 1175 3795; x_wconf 81' lang='lat' dir='ltr'>tum</span> <span class='ocrx_word' id='word_1_344' title='bbox 1192 3733 1283 3805; x_wconf 70' lang='grc' dir='ltr'><strong><em>ἐστὶν,</em></strong></span> <span class='ocrx_word' id='word_1_345' title='bbox 1303 3758 1330 3808; x_wconf 81' lang='lat' dir='ltr'>p.</span> 
     </span>
     <span class='ocr_line' id='line_1_37' title="bbox 217 3762 1042 3882; baseline 0.004 -17"><span class='ocrx_word' id='word_1_346' title='bbox 217 3810 298 3882; x_wconf 74' lang='grc' dir='ltr'><strong><em>τείχει</em></strong></span> <span class='ocrx_word' id='word_1_347' title='bbox 310 3813 363 3865; x_wconf 80' lang='lat' dir='ltr'>Va.</span> <span class='ocrx_word' id='word_1_348' title='bbox 389 3805 419 3864; x_wconf 80' lang='grc' dir='ltr'>έιι</span> <span class='ocrx_word' id='word_1_349' title='bbox 432 3813 484 3864; x_wconf 84' lang='grc' dir='ltr'>τοῦ</span> <span class='ocrx_word' id='word_1_350' title='bbox 500 3811 572 3864; x_wconf 83' lang='lat' dir='ltr'>Edd.</span> <span class='ocrx_word' id='word_1_351' title='bbox 586 3809 644 3863; x_wconf 81' lang='lat' dir='ltr'>rell.</span> <span class='ocrx_word' id='word_1_352' title='bbox 653 3811 739 3864; x_wconf 84' lang='lat' dir='ltr'>Codd.</span> <span class='ocrx_word' id='word_1_353' title='bbox 794 3829 864 3869; x_wconf 87' lang='lat' dir='ltr'>corr.</span> <span class='ocrx_word' id='word_1_354' title='bbox 889 3762 1042 3882; x_wconf 49' lang='lat' dir='ltr'>denirium</span> 
     </span>
     <span class='ocr_line' id='line_1_38' title="bbox 253 3873 1331 3949; baseline -0.007 -14"><span class='ocrx_word' id='word_1_355' title='bbox 253 3881 297 3938; x_wconf 76' lang='lat'>25.</span> <span class='ocrx_word' id='word_1_356' title='bbox 318 3877 388 3933; x_wconf 73' lang='grc' dir='ltr'><strong><em>εἰσὶν</em></strong></span> <span class='ocrx_word' id='word_1_357' title='bbox 402 3881 455 3932; x_wconf 92' lang='lat' dir='ltr'>Vb.</span> <span class='ocrx_word' id='word_1_358' title='bbox 483 3879 757 3949; x_wconf 81' lang='grc' dir='ltr'><strong><em>τῦνβουταὸῦνΡο.</em></strong></span> <span class='ocrx_word' id='word_1_359' title='bbox 827 3882 871 3934; x_wconf 87' lang='grc'>30.</span> <span class='ocrx_word' id='word_1_360' title='bbox 895 3899 939 3934; x_wconf 79' lang='grc' dir='ltr'><strong><em>τοι</em></strong></span> <span class='ocrx_word' id='word_1_361' title='bbox 960 3883 1011 3935; x_wconf 89' lang='lat' dir='ltr'>Vb.</span> <span class='ocrx_word' id='word_1_362' title='bbox 1041 3873 1163 3933; x_wconf 71' lang='grc' dir='ltr'><strong><em>ἐνθέντι</em></strong></span> <span class='ocrx_word' id='word_1_363' title='bbox 1188 3877 1240 3928; x_wconf 81' lang='lat' dir='ltr'>Lb·</span> <span class='ocrx_word' id='word_1_364' title='bbox 1271 3893 1331 3927; x_wconf 85' lang='lat' dir='ltr'>mox</span> 
     </span>
     <span class='ocr_line' id='line_1_39' title="bbox 252 3938 1331 4036; baseline -0.009 -32"><span class='ocrx_word' id='word_1_365' title='bbox 252 3950 296 4004; x_wconf 85' lang='lat'>26.</span> <span class='ocrx_word' id='word_1_366' title='bbox 317 3943 391 4003; x_wconf 76' lang='grc' dir='ltr'><strong><em>έστλν</em></strong></span> <span class='ocrx_word' id='word_1_367' title='bbox 407 3948 461 4036; x_wconf 53' lang='lat' dir='ltr'>A&amp;</span> <span class='ocrx_word' id='word_1_368' title='bbox 498 3966 558 4001; x_wconf 88' lang='lat' dir='ltr'>mox</span> <span class='ocrx_word' id='word_1_369' title='bbox 576 3945 659 4000; x_wconf 73' lang='lat' dir='ltr'>noeis</span> <span class='ocrx_word' id='word_1_370' title='bbox 684 3950 758 4002; x_wconf 88' lang='lat' dir='ltr'>uncis</span> <span class='ocrx_word' id='word_1_371' title='bbox 793 3943 839 4014; x_wconf 78' lang='grc' dir='ltr'>ἄν.</span> <span class='ocrx_word' id='word_1_372' title='bbox 859 3944 890 4002; x_wconf 73' lang='grc' dir='ltr'><strong><em>ἐν</em></strong></span> <span class='ocrx_word' id='word_1_373' title='bbox 909 3968 988 4020; x_wconf 61' lang='lat' dir='ltr'>erp...</span> <span class='ocrx_word' id='word_1_374' title='bbox 1002 3967 1089 4002; x_wconf 82' lang='lat' dir='ltr'>rasur.</span> <span class='ocrx_word' id='word_1_375' title='bbox 1103 3946 1207 3999; x_wconf 83' lang='lat' dir='ltr'>omissis</span> <span class='ocrx_word' id='word_1_376' title='bbox 1219 3960 1279 4012; x_wconf 84' lang='lat' dir='ltr'>sqq.</span> <span class='ocrx_word' id='word_1_377' title='bbox 1298 3938 1331 3995; x_wconf 86' lang='grc' dir='ltr'>τό</span> 
     </span>
     <span class='ocr_line' id='line_1_40' title="bbox 217 4011 1147 4088; baseline -0.003 -18"><span class='ocrx_word' id='word_1_378' title='bbox 217 4019 334 4073; x_wconf 79' lang='lat' dir='ltr'>inclusit.</span> <span class='ocrx_word' id='word_1_379' title='bbox 370 4014 420 4071; x_wconf 79' lang='grc' dir='ltr'>καλ</span> <span class='ocrx_word' id='word_1_380' title='bbox 436 4017 514 4087; x_wconf 80' lang='grc' dir='ltr'>υὸωρ</span> <span class='ocrx_word' id='word_1_381' title='bbox 532 4045 569 4057; x_wconf 95' lang='lat'>·-</span> <span class='ocrx_word' id='word_1_382' title='bbox 584 4016 685 4086; x_wconf 76' lang='grc' dir='ltr'><strong><em>θαῦμα</em></strong></span> <span class='ocrx_word' id='word_1_383' title='bbox 706 4035 756 4070; x_wconf 89' lang='lat' dir='ltr'>om.</span> <span class='ocrx_word' id='word_1_384' title='bbox 793 4016 825 4070; x_wconf 72' lang='grc' dir='ltr'>δέ</span> <span class='ocrx_word' id='word_1_385' title='bbox 839 4011 974 4086; x_wconf 53' lang='grc' dir='ltr'><strong><em>ἄμμ-έν</em></strong></span> <span class='ocrx_word' id='word_1_386' title='bbox 986 4020 1021 4088; x_wconf 80' lang='grc' dir='ltr'>τῇ</span> <span class='ocrx_word' id='word_1_387' title='bbox 1032 4019 1083 4071; x_wconf 88' lang='grc' dir='ltr'>νῦν</span> <span class='ocrx_word' id='word_1_388' title='bbox 1097 4017 1147 4068; x_wconf 77' lang='lat' dir='ltr'>La.</span> 
     </span>
     <span class='ocr_line' id='line_1_41' title="bbox 219 4081 1331 4155; baseline -0.015 -6"><span class='ocrx_word' id='word_1_389' title='bbox 219 4088 269 4140; x_wconf 64' lang='lat'>1¹²·</span> <span class='ocrx_word' id='word_1_390' title='bbox 631 4135 635 4143; x_wconf 70' lang='grc'>,</span> <span class='ocrx_word' id='word_1_391' title='bbox 826 4087 870 4142; x_wconf 85' lang='grc'><strong>31.</strong></span> <span class='ocrx_word' id='word_1_392' title='bbox 895 4084 933 4140; x_wconf 85' lang='grc' dir='ltr'>έτ.</span> <span class='ocrx_word' id='word_1_393' title='bbox 948 4081 968 4155; x_wconf 75' lang='grc' dir='ltr'><em>ἢ</em></span> <span class='ocrx_word' id='word_1_394' title='bbox 979 4087 1123 4154; x_wconf 81' lang='grc' dir='ltr'><strong><em>συνῆλθον</em></strong></span> <span class='ocrx_word' id='word_1_395' title='bbox 1135 4083 1205 4136; x_wconf 87' lang='lat' dir='ltr'>coni.</span> <span class='ocrx_word' id='word_1_396' title='bbox 1218 4081 1331 4133; x_wconf 83' lang='lat' dir='ltr'>Loesch.</span> 
     </span>
     <span class='ocr_line' id='line_1_42' title="bbox 253 4145 1333 4234; baseline -0.01 -22"><span class='ocrx_word' id='word_1_397' title='bbox 253 4158 298 4212; x_wconf 80' lang='lat'>27.</span> <span class='ocrx_word' id='word_1_398' title='bbox 312 4151 521 4224; x_wconf 78' lang='grc' dir='ltr'><strong><em>Ἀφροὸιοεῦνιν</em></strong></span> <span class='ocrx_word' id='word_1_399' title='bbox 531 4153 579 4210; x_wconf 84' lang='grc' dir='ltr'>Ρο.</span> <span class='ocrx_word' id='word_1_400' title='bbox 599 4147 757 4222; x_wconf 75' lang='grc' dir='ltr'><strong><em>Ἀφροὸιεῦ-</em></strong></span> <span class='ocrx_word' id='word_1_401' title='bbox 794 4164 821 4209; x_wconf 81' lang='lat' dir='ltr'>et</span> <span class='ocrx_word' id='word_1_402' title='bbox 832 4157 933 4224; x_wconf 66' lang='lat' dir='ltr'>Kuhn„</span> <span class='ocrx_word' id='word_1_403' title='bbox 945 4164 1054 4224; x_wconf 79' lang='lat' dir='ltr'>receptu</span> <span class='ocrx_word' id='word_1_404' title='bbox 1067 4173 1083 4208; x_wconf 80' lang='lat' dir='ltr'>s</span> <span class='ocrx_word' id='word_1_405' title='bbox 1095 4152 1202 4207; x_wconf 64' lang='grc' dir='ltr'><strong>(28ποὶ.</strong></span> <span class='ocrx_word' id='word_1_406' title='bbox 1214 4152 1247 4203; x_wconf 90' lang='grc' dir='ltr'>Β.</span> <span class='ocrx_word' id='word_1_407' title='bbox 1262 4145 1333 4234; x_wconf 55' lang='lat' dir='ltr'>{resp</span> 
     </span>
     <span class='ocr_line' id='line_1_43' title="bbox 216 4215 1331 4294; baseline -0.008 -13"><span class='ocrx_word' id='word_1_408' title='bbox 216 4225 351 4281; x_wconf 76' lang='lat' dir='ltr'>(trrNLs.</span> <span class='ocrx_word' id='word_1_409' title='bbox 642 4282 644 4285; x_wconf 61' lang='grc'><strong><em>,</em></strong></span> <span class='ocrx_word' id='word_1_410' title='bbox 793 4226 935 4294; x_wconf 80' lang='grc' dir='ltr'><strong><em>συνῆλθεν</em></strong></span> <span class='ocrx_word' id='word_1_411' title='bbox 951 4224 1062 4278; x_wconf 74' lang='lat' dir='ltr'>Axltr.</span> <span class='ocrx_word' id='word_1_412' title='bbox 1084 4222 1171 4276; x_wconf 78' lang='lat' dir='ltr'>codd.</span> <span class='ocrx_word' id='word_1_413' title='bbox 1207 4215 1331 4286; x_wconf 81' lang='grc' dir='ltr'><strong><em>έτεσινη</em></strong></span> 
     </span>
     <span class='ocr_line' id='line_1_44' title="bbox 254 4287 1031 4362; baseline -0.008 -12"><span class='ocrx_word' id='word_1_414' title='bbox 254 4295 298 4350; x_wconf 73' lang='lat'>28·</span> <span class='ocrx_word' id='word_1_415' title='bbox 314 4287 347 4348; x_wconf 66' lang='grc' dir='ltr'>τὰ</span> <span class='ocrx_word' id='word_1_416' title='bbox 358 4290 669 4347; x_wconf 62' lang='grc' dir='ltr'>ἱΜθῘῙῙὶωΝθοωὶίιΒο</span> <span class='ocrx_word' id='word_1_417' title='bbox 705 4291 760 4347; x_wconf 67' lang='lat' dir='ltr'>Ab‘</span> <span class='ocrx_word' id='word_1_418' title='bbox 794 4295 936 4362; x_wconf 52' lang='grc' dir='ltr'>συνῆλθεν</span> <span class='ocrx_word' id='word_1_419' title='bbox 947 4292 1031 4347; x_wconf 70' lang='lat' dir='ltr'>smin-</span> 
     </span>
    </p>
   </div>
   <div class='ocr_carea' id='block_1_5' title="bbox 0 0 1449 4846">
    <p class='ocr_par' dir='ltr' id='par_1_7' title="bbox 0 0 1449 4846">
     <span class='ocr_line' id='line_1_45' title="bbox 0 0 1449 4846; baseline 0 0"><span class='ocrx_word' id='word_1_420' title='bbox 0 0 1449 4846; x_wconf 95' lang='lat' dir='ltr'> </span> 
     </span>
    </p>
   </div>
  </div>
 </body>
</html>
