2872 4846
491 275 901 340 enarrarre
1042 258 1045 263 ’
1193 280 1279 340 mm
1405 324 1419 343 ς

135 470 215 539 quae
228 448 395 541 lacunosa,
421 453 490 538 quis
505 458 555 520 est
569 454 620 542 qui
632 449 827 521 confidenter
841 453 1013 522 restituere
1026 445 1167 519 audenti
1209 449 1279 519 lam

134 551 252 640 aliquid
279 555 417 622 assecuti
441 554 585 622 videmur
610 555 639 620 si
661 554 859 643 corruptelas
877 554 1069 644 dignoscere
1093 559 1126 620 et
1144 551 1278 620 lacunas

133 654 292 745 indagare
304 657 451 745 contigit,
479 677 559 744 quae
571 654 759 745 profundius
774 675 874 743 saepe
887 658 1003 726 cubant
1017 676 1110 744 quam
1123 655 1279 745 quispiam

134 760 324 846 suspicetur.
376 758 498 825 Levior
520 762 603 826 enim
624 779 664 825 ea
686 765 737 826 est
758 757 886 825 medela
904 779 985 847 quae
1005 760 1090 825 cirea
1107 756 1222 827 literas
1244 763 1279 827 et

134 859 281 946 syllabas
307 867 468 950 versatur,
507 882 599 948 quam
624 881 705 949 quae
732 860 978 948 depravationes
1004 860 1102 928 latius
1128 864 1278 950 patentes

135 963 319 1051 restituere,
342 963 473 1029 lacunas
486 964 620 1051 implere
634 972 778 1033 conatur.
831 962 915 1029 lllud
940 962 1082 1030 codicum
1100 961 1221 1028 auxilio
1245 967 1280 1031 et

135 1064 266 1153 ingenio
288 1066 405 1133 iterata
423 1065 495 1132 libri
517 1067 656 1133 lectione
675 1067 851 1133 exercitato
881 1073 914 1136 et
934 1061 1164 1133 consuetudine
1184 1069 1279 1150 atque

136 1165 354 1235 familiaritate
379 1168 514 1254 quadam
543 1189 613 1236 cum
639 1166 720 1235 libro
748 1174 913 1237 contracta
936 1168 1124 1259 plerumque
1151 1166 1280 1252 assequi
1336 1222 1340 1229 .

135 1268 326 1355 poterimus3
361 1267 423 1335 hoc
441 1291 521 1338 vero
543 1272 670 1337 nonnisi
692 1270 775 1336 raris
795 1270 828 1335 in
848 1269 928 1338 locis
948 1271 1121 1362 praecipuo
1144 1264 1281 1356 quodam

135 1366 249 1440 favore
263 1372 480 1459 sagacissimis
496 1371 678 1442 conceditur
690 1372 841 1461 ingeniis.

236 1471 365 1558 Debent
376 1472 457 1541 haec
473 1473 598 1563 quidem
609 1474 859 1542 luculentissime
875 1492 1032 1563 apparere
1047 1491 1090 1539 ex
1104 1478 1280 1562 apparatu

136 1574 238 1642 nostri
250 1573 377 1666 indole,
406 1577 491 1644 unde
509 1579 631 1645 variam
644 1576 813 1646 lectionem
831 1577 993 1643 rarissime
1004 1573 1156 1665 periodos
1170 1581 1204 1643 et
1216 1594 1280 1641 au-

137 1677 234 1745 ctoris
247 1696 376 1744 sensum
388 1687 549 1770 spectare,
574 1679 633 1746 sed
645 1681 730 1746 circa
740 1679 889 1765 syllabas
902 1677 1089 1768 plerumque
1103 1683 1137 1745 et
1151 1675 1281 1766 singula

136 1778 257 1869 verba,
284 1780 368 1846 circa
382 1782 571 1848 omissiones
584 1783 815 1870 verborumque
828 1779 972 1848 ordinem
983 1781 1108 1847 versari
1120 1778 1281 1868 perspici·
1418 1772 1421 1777 ’

136 1889 190 1951 tur
196 1903 206 1967 3
234 1888 331 1969 atque
350 1889 426 1952 sunt
445 1882 600 1971 quaedam
619 1883 865 1974 depravationes
885 1902 968 1971 quae
978 1883 1080 1971 primo
1093 1881 1202 1950 statim
1215 1878 1280 1947 ad-

137 1990 249 2072 spectu
273 1982 315 2049 ad
340 1983 461 2053 iontem
485 2005 681 2054 communem
706 1985 932 2054 deducant-
955 1974 974 2052 e
999 1983 1280 2073 depravationibus

138 2086 222 2154 enim
233 2087 371 2152 maxime
385 2085 570 2156 affinitatem
583 2088 809 2180 dignoscimus.
859 2088 941 2155 nius
956 2087 1087 2177 generis
1099 2092 1175 2154 sunt
1184 2082 1281 2154 laeu-

137 2207 200 2254 nae
212 2187 402 2255 manifestae
415 2192 447 2255 in
459 2192 601 2258 omnibus
615 2191 773 2258 codicibus
788 2190 919 2279 obviae,
953 2212 987 2255 v.
1002 2209 1038 2277 g.
1053 2208 1095 2254 ex
1108 2188 1281 2255 innumeris

137 2290 182 2379 V,
205 2289 265 2380 16,
289 2291 325 2357 6.
354 2290 414 2381 Vl,
438 2290 498 2383 13,
527 2291 568 2381 5,
589 2313 686 2383 porro
699 2294 762 2360 loci
775 2289 970 2360 eodemfere
982 2289 1077 2358 modo
1090 2292 1124 2356 in
1138 2290 1282 2358 omnibus

138 2391 296 2458 codicibus
313 2395 439 2461 omnino
454 2393 641 2484 depravati,
666 2397 779 2484 quales
792 2402 868 2464 sunt
879 2394 955 2482 vil,
978 2392 1014 2460 3.
1038 2394 1108 2460 init.
1134 2390 1228 2480 Vlll,
1244 2388 1281 2480 5,

141 2492 265 2559 2-5.
309 2494 567 2584 Vssl‚10on.
606 2497 705 2586 vill,
734 2496 796 2585 24,
822 2495 860 2564 4.
898 2495 997 2583 vili,
1025 2495 1087 2582 27,
1116 2492 1152 2560 3.
1179 2490 1217 2559 4.
1245 2490 1281 2561 5.

139 2594 241 2682 vffl,
270 2589 342 2684 35,
370 2595 406 2662 7.
457 2596 559 2686 vlfl,
595 2595 662 2684 53,
691 2595 728 2664 4.
773 2597 845 2684 lx,
872 2596 940 2685 17,
969 2595 1004 2662 7.
1051 2592 1121 2685 IX,
1148 2591 1219 2682 35,
1243 2594 1282 2661 3.

139 2695 188 2787 Χ,
209 2695 270 2786 27,
295 2694 328 2761 1.
363 2695 424 2787 Vi,
443 2696 480 2788 4,
503 2697 539 2763 6.
566 2696 610 2789 V⁷
640 2697 701 2789 23,
726 2699 762 2768 7.
788 2698 881 2789 vill,
903 2694 965 2787 30,
987 2695 1024 2764 8.
1049 2716 1147 2787 porro
1162 2696 1282 2765 leutio·

139 2801 188 2865 nis
212 2806 355 2867 monstra
382 2801 416 2864 in
438 2801 580 2869 omuibus
601 2809 657 2870 aut
679 2800 840 2891 plerisque
865 2800 1022 2868 codicibus
1050 2799 1154 2866 obvia.
1205 2795 1283 2864 llx-

141 2901 247 2989 empla
260 2900 415 2988 quaedam
430 2902 552 2972 selecta
565 2924 727 2993 apponere
739 2904 847 2973 lubet:
872 2902 933 2993 lv,
948 2901 1010 2993 20,
1031 2900 1067 2971 5.
1088 2897 1283 2990 Arcumag

140 3001 280 3070 Vabhab
307 3002 444 3075 offerunt
465 3005 648 3092 ἐπεκράτουν
667 3008 723 3087 μὲν
746 3008 831 3070 αὐτοὶ
855 3008 917 3085 ἐπεὶ
938 3003 1100 3091 ἐκρότουνς
1125 3005 1159 3069 ln
1174 3001 1283 3071 codice

141 3103 277 3194 quodam
305 3104 427 3170 librarii
454 3106 658 3196 negligentia
684 3109 835 3195 scriptum
855 3105 962 3174 fuerat
980 3109 1042 3170 ἐπεὶ
1062 3104 1208 3192 ἐκράτουν
1228 3106 1283 3186 μὲν

143 3209 232 3271 αὐτοί
235 3235 246 3287 ,·
274 3225 418 3272 errorem
432 3208 687 3284 animadversum
701 3209 842 3274 correxit
859 3207 972 3295 aliquis
992 3228 1091 3296 supra
1101 3207 1159 3273 lin.
1174 3204 1284 3275 autad

142 3326 247 3397 marg.
269 3306 463 3394 ἐπεκράτουν,
491 3307 585 3397 idque
605 3309 638 3374 in
659 3308 768 3376 codice
785 3307 921 3398 quodam
940 3319 1102 3396 receptum
1120 3330 1191 3376 cum
1212 3310 1282 3398 ipso

141 3411 220 3479 vitio
236 3407 427 3498 corrigendo
449 3414 483 3478 in
496 3432 606 3478 omnes
618 3413 745 3480 transiit
755 3408 894 3478 codices.
943 3408 1042 3478 Haud
1061 3410 1212 3476 absimilis
1234 3416 1284 3479 est

42 3572 49 3579 .
141 3515 232 3580 locus
245 3510 307 3601 ΙΙΙ,
323 3511 383 3602 16,
398 3511 434 3579 9.
449 3515 502 3581 ubi
514 3533 625 3581 veram
636 3513 807 3582 lectionem
819 3513 879 3578 ἀπὸ
895 3514 929 3578 δὲ
947 3515 1042 3598 αὐτῆς
1058 3515 1108 3576 καὶ
1124 3514 1156 3587 ἐς
1172 3510 1286 3598 φόνους

142 3613 349 3701 προήχθησαν
366 3614 485 3686 babent
494 3613 630 3683 AVbha
635 3637 646 3701 3
678 3617 712 3681 in
726 3615 866 3684 codicem
880 3614 1035 3705 quendam
1048 3617 1223 3703 irrepserat
1234 3617 1285 3679 aci

132 3720 176 3808 ig
193 3713 333 3801 φθόνους
354 3712 460 3807 (quod
473 3717 617 3785 servavit
628 3711 718 3806 Pd);
744 3739 819 3786 mox
839 3739 951 3787 errore
971 3718 1135 3787 intellecto
1159 3716 1286 3786 adscri-

143 3820 208 3908 psit
221 3817 367 3884 librarius
389 3826 602 3888 correcturum
620 3822 671 3883 καὶ
693 3823 724 3896 ἐς
745 3820 877 3910 φόνους,·
903 3822 956 3890 ubi
975 3841 1054 3889 vero
1075 3819 1286 3909 corruptionis

144 3926 220 3989 sunt
241 3919 365 3986 semina
382 3922 425 3988 ibi
444 3921 607 4011 pullulant
631 3922 729 4010 vitia3
763 3925 873 4013 itaque
891 3924 947 3992 alii
968 3924 1165 4012 scripserunt
1182 3923 1233 3985 καὶ
1256 3922 1287 3997 ἐς

145 4021 260 4109 φόνους
274 4017 471 4114 (AVbLa),
496 4023 551 4090 alli
563 4025 614 4086 καὶ
630 4026 661 4100 ἐς
676 4025 815 4111 φθόνους
827 4020 919 4119 (Pd)
927 4048 939 4113 3
966 4025 1022 4092 alii
1035 4027 1086 4089 aul
1100 4028 1132 4101 ἐς
1148 4020 1288 4108 φθόνους

144 4127 195 4187 καὶ
210 4126 241 4198 ἐς
254 4123 367 4209 φόνους
379 4121 500 4217 [Ag);
526 4124 581 4190 alii
592 4129 642 4190 καὶ
659 4128 690 4203 ἐς
709 4125 829 4216 φόβους
848 4131 899 4193 καὶ
913 4131 944 4204 ἐς
959 4126 1072 4215 φόνους
1087 4118 1287 4219 [MVaPc);

146 4225 201 4292 alil
213 4223 349 4317 (lenique
361 4232 412 4294 καὶ
425 4231 458 4306 ἐς
470 4227 586 4317 φόρους
600 4221 652 4296 κο)
665 4231 698 4307 ἐς
710 4230 825 4321 φόνους
836 4223 942 4326 (hb).
972 4266 1019 4281 -·
1045 4229 1075 4323 l,
1097 4227 1162 4324 41,
1184 4228 1222 4298 32
1239 4223 1287 4295 Po
1405 4243 1409 4249 '
