2872 4846
235 354 236 358 ς
366 288 457 347 suu
477 288 565 347 nm.
587 290 625 349 u.
670 289 770 351 cnr.
791 288 870 351 mu..
893 294 947 352 rx.
1151 210 1217 360 τ’ίι

318 394 347 421 ..,

108 454 165 524 καὶ
171 448 313 548 ’Ἄρατον
328 459 510 550 κατέλαβεν
527 450 656 551 ἀνάγκη
676 459 838 552 γενέσθαι
856 426 1071 534 Μακεδόνων
1082 463 1140 534 καλ
1150 456 1214 538 Ἀν-

107 551 252 650 τηιόνου
268 553 467 654 σύμμαχον·
495 561 627 654 ἐγένετο
641 561 679 632 dl
697 550 886 648 oieoeffl'

476 832 729 911 aurun
781 837 845 905 rx.
1144 820 1248 879 *θ’

110 1009 152 1062 De
172 1009 314 1063 Cleomene
326 1011 592 1069 Lacedaemoniorum
609 1033 673 1085 rege
688 1015 801 1070 Achaeis
818 1015 913 1070 bellurn
932 1016 1064 1070 inferente
1081 1047 1118 1059 -
1135 1019 1218 1072 Arato

155 1147 157 1150 ι
198 1115 256 1150 cum
276 1097 410 1166 Antigono
429 1101 581 1153 societatem
601 1101 711 1155 ineunte
731 1132 767 1141 —
785 1098 935 1153 Cleomenis
952 1101 1017 1170 fuga
1037 1107 1064 1155 et
1081 1109 1165 1155 morte
1185 1131 1220 1143 ·-

197 1183 276 1236 Arati
291 1188 373 1238 caede
391 1203 409 1239 a
422 1185 546 1258 Philippo
564 1188 638 1239 facta
655 1214 689 1225 -
706 1186 823 1257 Philippi
840 1193 924 1240 morte
941 1216 976 1227 -
995 1188 1030 1241 de
1046 1188 1219 1244 memorandis

197 1270 226 1322 in
244 1272 302 1325 foro
322 1272 509 1342 Sicyoniorum
532 1272 749 1327 continuatio-
769 1271 893 1342 Apolline
909 1274 1028 1343 Lycaeo.

185 1426 412 1523 Κλεομένης1
451 1426 471 1501 ὃ
504 1433 686 1502 Λεωνίδου
704 1424 785 1499 1τοῦ
818 1423 1037 1520 Κλεωνύμου
1068 1434 1287 1523 παραλα-Ιθί

110 1522 183 1622 dciv
204 1524 266 1624 την
289 1535 462 1624 βασιλείαν
500 1525 538 1604 έν
563 1527 710 1625 Σπάρτη
745 1532 952 1602 Παυσανίαν
981 1533 1130 1622 ἐμιμεῖτο
1162 1559 1221 1602 τυ-

110 1636 275 1722 ραννίδος
296 1661 331 1705 τε
353 1637 538 1724 ἐπιθυμῶν
558 1636 616 1704 καὶ
639 1627 764 1724 νόμοις
784 1647 859 1718 τοῖς
880 1628 1133 1728 καθεστηκόσιν
1154 1628 1222 1706 οὐκ

111 1729 350 1828 ιἰρεσκόμενος.
413 1729 471 1807 όίτε
497 1737 534 1808 di
560 1731 635 1808 ὄντι
656 1730 754 1831 αὐτῷ
779 1738 992 1808 Παυσανίου
1020 1739 1221 1834 θερμοτέρῳ

110 1839 168 1908 καί
198 1831 245 1908 οὐ
275 1832 465 1935 φιλοψύχῳ
495 1834 582 1934 ταχύ
602 1832 645 1909 τόν
664 1834 775 1910 πάντα
804 1832 878 1910 ὑπὸ
905 1833 1134 1934 φρονήματος
1165 1843 1223 1911 καί

110 1935 241 2035 τόλμης
267 1945 489 2035 κατείργαστο
514 1944 573 2013 καλ
595 1943 736 2035 βασιλέα
756 1968 791 2013 τε
807 1944 919 2027 οἰκίας
937 1948 999 2037 τῆς
1014 1945 1131 2036 ἑτέρας
1150 1936 1222 2014 Εὖ·
1311 2005 1321 2011 .

112 2047 309 2139 ρυελαμίιλαν
336 2043 477 2116 παῖδα2
515 2048 563 2116 ίτι
590 2038 719 2116 dorida
748 2039 921 2139 φαρμάκῳ
957 2039 1015 2114 did
1042 2050 1111 2115 τῶν
1139 2049 1223 2139 ε’φο-

112 2142 289 2242 ρευόντων
314 2150 350 2233 ές
366 2141 560 2218 Εὐκλείδαν
581 2141 644 2219 τόν
668 2142 823 2240 οίόεληνόν
838 2149 1020 2239 μετέστησε
1037 2145 1054 2192 ³
1080 2139 1144 2240 τὴν
1164 2141 1223 2240 ἆρ-

111 2244 176 2344 χην
208 2253 267 2321 καὶ
288 2244 329 2321 τό
354 2245 482 2344 κρότος
510 2255 574 2343 τῆς
601 2252 787 2342 γερουσίας
815 2243 1051 2334 καταλύσας4
1085 2251 1224 2344 Πατρο-

111 2347 250 2444 νόμους
275 2358 327 2450 τῷ
361 2346 455 2448 λόγῳ
481 2354 686 2444 κατέστησεν
706 2344 774 2422 ἄντ’
797 2343 924 2424 αὐτῶν.
977 2353 1161 2443 ἐπιθυμῶν
1185 2354 1224 2425 δὲ

114 2605 362 2685 quandoquidem
384 2609 511 2663 Aratum
533 2606 696 2663 necessitas
722 2606 860 2682 impulit,
898 2615 932 2661 ut
960 2625 993 2662 se
1016 2601 1056 2661 ad
1079 2604 1225 2683 Antigoni

112 2690 315 2750 Macedonum
334 2693 412 2769 regis
433 2694 607 2750 societatem
621 2688 807 2768 adiungeret.
851 2693 911 2748 Res
930 2692 972 2746 ita
986 2699 1070 2768 gesta
1083 2700 1138 2748 est.
1185 2681 1188 2692 '
1236 2712 1240 2740 ·.

156 2811 228 2867 Car.
250 2812 303 2866 IX.
348 2812 525 2868 Cleomenes
539 2806 693 2866 Leonidae
709 2807 806 2880 filius,
830 2809 990 2886 Cleonymi
1006 2828 1111 2886 nepos,
1134 2808 1226 2887 Spar-

113 2905 162 2954 tae
183 2913 320 2972 ‚regnum
351 2894 497 2972 adeptus,
544 2896 728 2951 Pausaniam
762 2893 820 2950 sibi
848 2891 1031 2950 imitandum
1062 2895 1225 2972 proposuit,

113 3000 223 3058 nempe
238 2982 290 3059 qui
313 2989 343 3036 et
359 2979 551 3059 tyrannidem
573 2981 715 3057 appetiit,
739 2988 769 3034 et
790 2978 910 3054 legibus
932 2989 1001 3034 ante
1022 2979 1145 3035 sancitis
1169 2980 1226 3037 sibi

114 3065 256 3123 standum
276 3085 337 3121 non
357 3067 485 3143 putavit.
529 3065 641 3123 Verum
665 3081 760 3141 qutun
783 3065 933 3119 Pausania
963 3073 1042 3120 esset
1069 3062 1224 3136 fervidior,

114 3152 254 3228 uitaeque
279 3149 453 3206 retinendae
473 3149 573 3204 minus
594 3146 737 3223 cupidus,
758 3166 814 3222 per
831 3148 927 3201 animi
947 3148 1107 3204 elationem
1124 3157 1153 3204 et
1170 3168 1226 3206 au-

116 3232 236 3290 daciam
257 3234 392 3291 celeriter
411 3234 512 3290 omnia
533 3232 671 3288 confecit.
713 3232 791 3286 Nam
812 3239 842 3284 et
865 3249 906 3285 ex
922 3231 1015 3288 altera
1029 3231 1146 3288 familia
1160 3235 1226 3290 Eu-

116 3315 307 3397 rydamidam
320 3337 424 3395 regem
439 3315 538 3374 adhuc
553 3315 742 3393 impuberem
755 3333 810 3390 per
821 3310 957 3389 Ephorus
973 3335 1089 3375 ueneno
1106 3315 1143 3373 de
1156 3338 1226 3374 me-

117 3402 166 3462 dio
196 3405 332 3475 sustulit,
361 3402 400 3459 ad
420 3403 604 3480 fratremque
623 3420 712 3456 suum
725 3397 894 3454 'Euclidem
909 3400 1071 3475 imperium
1091 3410 1226 3459 transtu·

116 3489 169 3545 lit:
193 3499 222 3544 et
237 3497 357 3544 senatus
372 3490 545 3545 auctoritate
561 3505 679 3558 eversa,
701 3487 897 3541 Patronornos
921 3485 1027 3560 (quusi
1041 3483 1152 3540 dixeris
1162 3506 1226 3562 pa-

117 3582 199 3626 terno
219 3573 323 3637 animo
343 3572 376 3626 iu
400 3571 583 3647 reipublicae
604 3570 865 3626 administratione
886 3567 1025 3648 aspectos)
1048 3587 1101 3646 pro
1120 3588 1155 3626 eo
1175 3589 1227 3628 or-

65 3662 73 3675 '
118 3654 209 3730 dine,
230 3651 330 3732 quoad
345 3656 447 3731 ipsmn
463 3654 751 3728 duntaxatnomen,
777 3654 917 3711 instituit.
959 3652 1037 3709 Mox
1050 3672 1151 3710 rerum
1164 3656 1227 3712 uti-

150 3889 196 3945 θθι
215 3880 288 3968 οὕτω
301 3886 354 3942 Va.
690 3885 734 3938 65.
748 3885 792 3938 67.
813 3888 840 3937 et
856 3885 928 3970 Plut.
942 3887 971 3938 in
987 3884 1073 3972 Agide
1086 3891 1113 3939 et
1127 3887 1227 3944 Cleant.

152 4007 231 4060 cn·
250 4006 309 4088 rx,
338 4007 365 4058 1'.
389 4001 655 4077 aasumensi·
689 3953 1228 4087 tilltlttltlttltllillaffll

118 4092 179 4128 mox
191 4075 328 4144 παραβυν
337 4074 378 4127 Μ.
689 4091 812 4159 AgMLb,
946 4078 979 4117 A·-

154 4163 181 4214 2.
211 4155 262 4213 τόν
287 4160 380 4213 nocida
406 4154 446 4212 ἔτι
465 4160 523 4224 Va3
560 4160 656 4214 deinde
724 4161 750 4214 3.
768 4153 931 4227 μετέστηκεν
945 4165 996 4228 Ag.

119 4224 331 4296 εὖφορευόντων
348 4229 400 4297 Ag.
425 4236 480 4282 tum
499 4224 656 4283 Εὐκλείδαν
724 4230 751 4281 4.
773 4223 856 4290 λύσας
867 4229 903 4283 Μ.
923 4235 979 4282 tum
996 4224 1156 4307 προνόμους
1174 4228 1227 4282 Va.

120 4299 282 4368 Gedoynm,
300 4299 353 4366 OS,
372 4304 402 4352 ut
419 4299 490 4368 apud
507 4297 606 4368 Polyb.
619 4298 656 4366 Il,
691 4312 751 4352 mox
764 4289 882 4360 ἐλπίζειν
900 4293 954 4363 ἕξει
963 4292 1022 4430 {aa}

41 4412 639 4804 ,vlffwn
858 4574 972 4729 a,
