2872 4846
511 233 925 309 snunrsrro:
999 198 1007 217 ’
1168 234 1295 312 xxxri

154 440 216 509 qua
236 417 277 487 ad
298 415 518 512 castigandum
535 439 568 488 v.
587 442 623 513 g.
643 414 829 516 Platonem,
855 419 1091 515 nnueynism,
1116 420 1292 491 nselmum
1326 408 1339 421 ⁸

153 523 388 616 progredimur,
411 526 461 591 ubi
481 524 623 593 codicum
640 525 844 617 abundantia,
865 528 1073 617 praestantia,
1101 517 1244 595 vetustas
1257 533 1291 595 et

154 623 344 695 familiarum
367 629 513 718 ubertas,
546 634 715 718 praeterea
734 630 933 698 librariorum
954 634 988 697 et
1006 635 1289 724 commentatorum

153 726 298 796 doctrina
322 729 507 820 plerumque
531 733 610 798 satis
636 733 765 801 subsidii
788 733 924 802 offerunt
942 731 985 798 ad
1004 731 1234 800 restituendum
1254 739 1288 800 ιι
1346 789 1351 800 .
1380 726 1386 732 ’

152 833 375 926 expoliendum
394 836 566 923 genuinum
584 837 723 904 auctoris
736 851 933 903 sermonem«
983 834 1195 926 Farraginem
1213 824 1288 924 qui-¹

150 933 224 1001 dem
250 957 268 1002 ι
293 935 451 1004 codicibus
473 938 592 1005 nostris
616 941 754 1005 eruimus
774 937 944 1006 lectionum
964 942 998 1005 at
1019 956 1079 1004 eae
1098 939 1287 1029 saepissime

150 1039 236 1107 tales
260 1045 336 1107 sunt
358 1047 394 1108 ut
417 1041 578 1106 variarum
601 1040 852 1131 corruptelarum
877 1041 982 1129 polius
1008 1060 1099 1129 quam
1125 1033 1287 1109 variarum
1391 1059 1393 1065 ’

150 1140 320 1208 lectionum
342 1143 506 1231 appellare
532 1145 637 1233 possis
650 1132 901 1232 collectionem,
927 1141 1081 1233 facileque
1100 1141 1287 1234 deprehen·-

150 1243 228 1312 dere
241 1243 335 1312 liceat
347 1244 534 1313 mendosum
553 1247 756 1336 mutilumque
769 1245 908 1315 codicem
922 1245 1091 1313 alibrariis
1105 1245 1286 1315 mendosius

150 1349 246 1414 etiam
266 1367 340 1416 esse
360 1349 564 1438 exscriptum.
615 1348 807 1416 Pausaniam
826 1350 926 1440 igitur
941 1340 1065 1417 ‘scolis
1083 1349 1170 1415 libris
1190 1364 1286 1417 manu

149 1450 274 1538 scriptis
289 1456 439 1540 quotquot
451 1472 533 1518 nunc
545 1453 733 1540 superstites
747 1453 955 1543 cognovimus
972 1471 1130 1540 nunquam
1144 1451 1184 1518 sd
1199 1448 1286 1520 inte-

110 1548 113 1553 ’
148 1555 299 1644 gnitatem
311 1573 409 1644 posse
421 1555 563 1645 restitui,
590 1553 721 1621 lacunas
741 1576 823 1644 quae
845 1554 1077 1642 frequentiores
1098 1559 1172 1622 sunt
1192 1546 1287 1649 quam

147 1657 349 1744 suspicantur
362 1656 506 1748 plurimi,
531 1677 689 1746 nunquam
701 1677 798 1747 posse
809 1657 951 1747 impleri,
978 1655 1138 1745 multaque
1149 1653 1287 1750 vulnera

146 1759 258 1826 letalia
272 1780 431 1847 nunquam
449 1761 558 1826 sanari
576 1761 726 1851 lugentes
740 1761 830 1827 nobis
842 1757 1101 1849 persuademusq·
1123 1764 1157 1828 et
1171 1770 1285 1848 quam*-

147 1882 244 1951 quam·
261 1862 352 1929 multi
372 1867 447 1930 sunt
465 1864 529 1931 loci
547 1864 580 1929 in
598 1865 710 1951 quibus
729 1863 871 1932 codicum
885 1866 1067 1930 nostrorum
1079 1852 1200 1930 auxilio
1212 1861 1286 1956 i'or-v

143 1972 233 2034 tasse
256 1967 352 2034 etiam
377 1986 396 2033 e
417 1967 598 2036 coniectura
610 1965 803 2035 Pausaniam
815 1987 836 2032 a
848 1965 937 2035 nobis
952 1964 1151 2034 emendatum
1167 1987 1286 2058 spera—

145 2091 234 2159 mus,
250 2071 385 2191 plurimi
410 2074 518 2137 tamen
542 2075 618 2138 sunt
641 2070 754 2160 reliqui
778 2072 817 2138 de
843 2090 975 2189 quorum
1000 2071 1200 2137 restitutione
1224 2074 1285 2138 nos

145 2171 268 2261 quidem
282 2175 408 2241 omnino
421 2193 509 2262 spem
523 2174 722 2241 abiecimus.
752 2173 843 2259 Quae
857 2194 950 2261 quum
962 2195 972 2237 1
973 2170 1006 2239 ta
1020 2172 1083 2240 sint
1096 2172 1285 2240 temeritatis

144 2277 261 2342 crimen
275 2278 437 2343 incurrere
450 2297 515 2344 non
527 2296 703 2391 veremur,
713 2279 742 2344 si
756 2298 777 2344 a
791 2275 947 2346 codicibus
961 2274 1103 2343 destituti
1117 2274 1158 2341 ιιι
1171 2277 1284 2367 conie-

143 2385 250 2446 cturas
272 2381 456 2468 saepissime
484 2363 703 2470 confugimus
710 2402 775 2449 non
798 2376 923 2470 quidem
940 2378 1151 2447 tumultuario
1165 2358 1284 2468 impetu

144 2481 202 2547 sed
224 2481 384 2550 haesitt
316 2488 370 2549 tan
372 2488 420 2550 tes
443 2488 475 2549 et
495 2483 592 2550 incdit
578 2488 657 2569 ιιιι.
708 2483 922 2553 Τιιιιιιιιιιιιιιι
951 2489 1001 2549 est
988 2480 1104 2549 tillud
1130 2482 1283 2569 quemque

143 2585 192 2650 sui
218 2584 316 2673 ipsius
343 2586 494 2674 optimum
520 2605 595 2652 csse
619 2589 650 2651 in
652 2592 848 2675 terpretem,
886 2582 1030 2648 addimus
1057 2588 1281 2649 correctorem,

143 2685 246 2771 Quem
258 2681 471 2755 correctorem
482 2693 526 2755 'ut
544 2691 577 2755 in
595 2696 704 2779 partes
718 2695 847 2757 nostras
866 2686 1078 2775 traheremus,
1100 2685 1204 2751 >vicies
1218 2687 1282 2753 nia
1344 2701 1346 2706 ·

141 2791 267 2879 ciesque
284 2791 420 2878 repetita
440 2797 588 2860 accurata
604 2794 678 2859 libri
691 2793 829 2861 lectione
849 2793 894 2859 ita
913 2794 1031 2857 natura
1045 2786 1283 2856 eiusetindoie

140 2914 198 2961 nos
224 2894 365 2960 imbuere
391 2893 567 2962 studuimus
591 2903 628 2963 nt
652 2897 684 2962 in
700 2893 887 2962 Pausaniae
913 2890 1035 2960 dicendi
1060 2895 1093 2958 et
1119 2890 1282 2980 cogitandi

139 2999 296 3064 rationem
320 2998 399 3063 satis
425 3003 613 3085 penetrasse
641 3004 675 3064 et
700 2996 948 3063 familiaritatem
974 2993 1130 3083 quandam
1148 3014 1219 3061 cum
1239 3015 1279 3063 eo

139 3089 341 3168 contraxisse
355 3099 446 3164 nobis
460 3098 651 3165 videremur.
680 3184 682 3187 v
704 3096 762 3168 Sic
775 3100 911 3188 penitius
923 3102 1090 3186 perspecto
1112 3096 1183 3162 libri
1196 3090 1280 3166 con·
1346 3142 1348 3148 -

139 3203 210 3269 silio
232 3208 264 3268 et
286 3201 415 3289 cognita
436 3202 503 3266 eius
517 3206 634 3267 natura
646 3199 686 3265 ad
701 3201 843 3267 codicum
854 3200 1008 3266 lectiones
1023 3201 1213 3267 accessimus
1231 3201 1279 3266 rei

138 3302 430 3396 palaeographicae
455 3304 501 3368 sie
526 3304 604 3369 satis
630 3304 726 3395 gnari
751 3305 864 3394 quippe
882 3300 945 3391 qui·
958 3300 1100 3369 codicum
1119 3303 1277 3370 centurias

137 3407 419 3497 pertractavimus,
470 3404 616 3496 singulas
648 3406 804 3473 lectiones
831 3404 1003 3494 diligenter
1028 3405 1277 3472 examinavimus

136 3510 245 3577 habita
265 3531 329 3577 non
349 3497 556 3577 solummodo
569 3507 712 3576 codicum
725 3502 870 3599 ratione,
891 3505 949 3574 sed
964 3505 1278 3604 scriptorisindolcm

138 3620 170 3682 et
193 3612 349 3679 sermonis
368 3612 509 3679 habitum
529 3613 755 3701 respicientes,
780 3612 832 3678 ubi
846 3611 968 3679 nullam
980 3627 1062 3699 quae
1075 3606 1278 3678 satisfaceret
1361 3640 1364 3644 ’

137 3716 314 3782 invenimus
335 3715 523 3805 lectionem,
545 3715 696 3782 librorum
715 3735 810 3782 manu
834 3715 1022 3804 scriptorum
1040 3717 1189 3800 quantum
1209 3712 1278 3806 fleri

136 3820 237 3907 potuit
258 3821 439 3907 prementes
459 3819 599 3907 vestigia
621 3837 640 3883 ι
660 3819 843 3885 coniectura
853 3818 922 3885 sive
936 3822 1047 3884 nostra
1059 3819 1129 3883 sive
1140 3817 1278 3885 aliorum

135 3921 221 3988 haud
233 3922 415 4010 ambiguam
428 3917 609 3988 Pausaniae
628 3923 820 3988 sententiam
840 3921 1014 3987 restituero
1030 3921 1172 4019 conati
1148 3941 1276 3989 sumus·
1266 3967 1277 4010 ,

134 4024 224 4091 locos
237 4024 333 4113 plane
348 4022 621 4113 desperatos,-
645 4030 678 4090 et
691 4030 765 4091 sunt
777 4025 798 4088 ii
812 4044 875 4090 non
889 4022 970 4088 adeo
984 4023 1049 4087 rari
1108 4011 1279 4138 ¹³[jfniae‘tos

136 4126 361 4215 dereliquimus
375 4147 447 4193 eam
461 4148 480 4194 ι
493 4125 651 4194 codicibus
664 4128 817 4215 recipient
819 4146 854 4193 es
804 4125 1038 4193 flectionem
1037 4141 1132 4241 (ιιι
1145 4126 1281 4215 plurima

136 4231 225 4298 nobis
248 4237 452 4299 correcturae
473 4232 633 4301 elementa
647 4231 818 4298 continere
836 4230 908 4294 visa
914 4231 989 4314 ιιιι
958 4215 1146 4295 lacunas
1155 4227 1280 4295 ιιιιιιιιι
