2872 4846
520 213 972 325 rannrnrro.¹
1081 287 1083 292 ·
1224 267 1308 331 mm

159 438 290 508 editioni
310 458 387 505 suae
410 433 531 505 addidit
552 433 668 530 Steph.
694 436 914 524 Clavierius,
953 437 994 505 de
1015 457 1077 528 qua
1097 444 1205 531 potest
1224 460 1308 510 con-

159 543 238 611 ferri
262 541 387 608 Brunet
412 541 591 608 Nouvelles
617 542 808 613 recherches
834 544 900 632 111,
933 562 965 631 p.
995 540 1058 609 24.
1112 538 1252 611 Siebelis
1277 543 1307 637 Ι,

159 667 192 736 p.
205 643 405 712 XXXVIII.

263 747 439 814 Versiones
465 749 681 835 germanicae.
733 745 913 814 Pausanias
938 744 1158 815 ausfrihrliche
1183 745 1307 817 Reise·

160 848 394 938 heschreibung
409 870 473 915 von
496 849 750 942 Griechenland‚
785 872 816 915 a.
841 849 872 915 d.
896 849 955 917 Gr.
976 851 1032 917 mii
1050 849 1308 942 Anmerkungen

161 973 226 1021 von
249 951 284 1018 J.
307 949 464 1019 Eustach.
489 949 725 1043 Goldhcgen.
771 952 862 1021 Berl.
884 975 916 1019 u.
938 951 1052 1041 Leipz.
1077 951 1307 1022 1765-66.

163 1053 200 1122 8.
228 1054 370 1140 avalla
405 1053 500 1121 editio
523 1056 665 1122 secunda
683 1056 758 1123 ibid.
785 1053 883 1124 1798
901 1052 1025 1121 -99.
1053 1051 1089 1121 8.
1142 1053 1308 1124 Observa·

162 1159 265 1225 tiones
293 1157 436 1223 adiectae
463 1177 526 1222 non
553 1160 621 1224 sine
646 1162 761 1248 pretio.
791 1195 838 1206 —
866 1157 1047 1224 Pausanias
1067 1155 1310 1248 Beschreibung

163 1281 228 1327 von
248 1259 381 1348 Hellas⁷
413 1280 444 1324 0.
466 1258 497 1324 d.
521 1258 581 1326 Gr.
608 1263 772 1330 ubersetzt
797 1259 862 1328 und
887 1261 943 1328 mit
966 1258 1224 1350 Anmerkungen
1251 1282 1309 1328 er-

163 1364 281 1429 lautert
306 1384 338 1429 v.
364 1362 466 1428 Ernst
497 1360 700 1430 Wiedasch.
752 1362 913 1430 Miinchen
941 1359 1218 1430 1826-1833.
1271 1360 1309 1429 8.

165 1462 281 1531 5voll.
335 1462 391 1532 oi.
412 1463 451 1529 de
472 1465 532 1531 hac
549 1469 699 1533 versione
717 1465 794 1532 Jcn.
815 1465 962 1555 Aligem.
983 1464 1047 1531 hit.
1068 1462 1180 1553 zeitg.
1197 1461 1310 1532 1835.

162 1564 224 1636 Nr.
242 1567 327 1634 167.
343 1605 390 1615 —
404 1566 582 1634 Pausanias
597 1568 654 1635 des
668 1569 861 1657 Periegcten
875 1566 1118 1655 Beschreibung
1130 1586 1194 1633 von
1208 1567 1312 1634 Gric-

164 1668 334 1758 chenland,
362 1669 445 1733 ad.
469 1669 528 1737 Gr.
550 1673 712 1738 iibersetnt
734 1695 766 1738 v.
790 1669 838 1736 Μ.
860 1667 942 1738 Oarl
963 1666 1127 1736 Gottfried
1143 1663 1310 1736 Siehclis.

165 1768 331 1861 Stuttgart
346 1769 442 1839 1827
459 1793 546 1861 seqq.
572 1771 631 1840 12.
686 1771 854 1863 (Pertinet
872 1770 913 1838 ad
938 1769 1159 1838 collectionem
1178 1774 1311 1841 versio-

164 1894 240 1940 num
262 1893 366 1963 germ.
388 1894 430 1939 ex
450 1876 584 1943 autorib.
607 1896 660 1964 gr.
683 1881 716 1942 et
738 1895 833 1964 rom,
860 1892 941 1962 quae
956 1868 1312 1962 Stuttgartiaeemitti-

165 1970 251 2064 tur).
293 1975 381 2065 Opus
393 1978 533 2045 nondum
544 1976 681 2047 vidimus
695 1977 886 2046 absolutum.
930 1971 986 2044 Oi.
1002 1973 1079 2043 Jen.
1093 1972 1224 2046 AM.
1237 1976 1263 2044 l.
1278 1974 1311 2045 d.

166 2100 216 2145 nr.
234 2076 319 2146 168.
347 2099 379 2168 p.
399 2078 473 2147 380
487 2102 556 2169 sqq.

639 2255 846 2264 --—-—-—---

270 2383 381 2452 Rebus
402 2387 449 2452 sic
468 2407 504 2453 se
523 2385 709 2457 habentibus
728 2409 823 2477 quum
834 2389 903 2454 sine
916 2388 1066 2454 accurata
1077 2383 1220 2453 codicum
1232 2402 1314 2473 per-

167 2490 364 2554 scrutatione
377 2486 558 2555 Pausaniae
573 2490 827 2558 emendationem
839 2490 872 2554 et
886 2494 1035 2574 quantum
1047 2486 1115 2551 fieri
1128 2491 1236 2572 potest
1255 2505 1315 2552 re·
1391 2508 1392 2513 ¹

167 2588 400 2656 staurationem
408 2608 522 2676 parum
531 2591 712 2677 promoveri
723 2588 918 2675 videremus,
931 2605 1018 2652 nova
1027 2584 1167 2651 subsidia
1177 2586 1315 2652 circum-

170 2692 333 2779 speximus
348 2695 380 2755 et
392 2709 433 2754 ne
446 2691 532 2757 vires
552 2696 584 2756 et
603 2693 776 2780 apparatus
798 2687 1017 2756 distrahantur
1037 2688 1143 2754 omnia
1162 2705 1242 2774 quae
1261 2688 1316 2753 in-

173 2790 336 2858 commoda
355 2791 456 2857 videri
476 2793 601 2881 possint
618 2793 830 2882 despicientes
843 2790 949 2858 studia
961 2795 1073 2856 nostra
1085 2787 1315 2878 copulavimus.
1383 2784 1386 2788 ’

171 2893 323 2961 Fructum
348 2894 513 2961 concordis
538 2894 631 2961 huiru
654 2895 899 2962 consociationis
919 2892 1033 2959 lectori
1056 2911 1140 2958 nunc
1158 2892 1316 2981 proponi-

170 3017 259 3083 mus3
285 3001 455 3082 antequam
467 3015 546 3063 vero
561 2996 601 3062 de
616 2998 723 3085 operis
735 2997 838 3064 nostri
850 2996 982 3063 consilio
997 2999 1091 3082 atque
1104 2994 1228 3060 ratione
1239 2994 1317 3082 agi-

172 3120 242 3166 mus
255 3096 489 3186 praemiitenda
507 3103 557 3164 est
577 3097 720 3164 codicum
732 3099 845 3164 notitia
860 3117 937 3183 quos
950 3097 1004 3162 vel
1016 3085 1162 3185 integros
1177 3095 1318 3166 contuli-

174 3220 244 3268 mus
260 3201 315 3266 vel
330 3201 471 3287 equibus
486 3200 659 3288 specimina
671 3203 795 3264 tandum
807 3199 987 3264 sumsimus.
1079 3241 1080 3244 =

279 3296 323 3388 1)
356 3299 472 3369 Codex
503 3300 760 3368 Vindobonensis
793 3298 917 3366 Histor.
954 3296 1072 3364 Graec.
1100 3294 1232 3365 XXHI.
1258 3298 1318 3366 iol.

174 3397 286 3496 (Va.)
309 3402 495 3470 chartaceus
513 3424 626 3493 parum
643 3404 814 3492 eleganter
833 3400 962 3468 saeculo
982 3397 1052 3464 iere
1074 3396 1143 3463 XV
1164 3402 1319 3490 scriptus3

173 3507 315 3574 continet
329 3504 407 3573 folia
423 3505 518 3596 236,
545 3527 678 3595 quorum
699 3506 800 3596 primo
824 3504 1007 3593 inscriptum
1019 3504 1069 3567 est
1083 3503 1268 3578 Παυσανίας
1282 3496 1321 3586 ἦν

175 3608 252 3672 κατὰ
268 3609 340 3682 τοὶς
350 3606 481 3692 χρόνους
496 3611 659 3694 Ἀδριανοῦ
672 3609 823 3691 βασιλέως
837 3611 888 3671 καὶ
903 3607 1081 3672 Mercatura
1095 3610 1150 3668 τοῦ
1164 3605 1318 3687 εὐσεβοῦς.

177 3707 321 3776 'Piiulust
348 3712 528 3775 Παυσανίου
539 3709 687 3788 Ἑλλάδος
700 3708 905 3796 περιηγήσεως
930 3723 961 3775 h:
974 3703 1095 3773 Ἀττικά
1111 3726 1144 3773 :a
1192 3707 1230 3775 ln
1242 3706 1320 3775 fine:

174 3813 260 3887 τέλος
288 3815 471 3877 Παυσανίου
497 3811 645 3890 Ἑλλάδος
673 3810 877 3900 περιηγήσεως
897 3833 907 3876 t
930 3812 1058 3875 ἅττακῶν
1078 3857 1086 3872 .
1107 3817 1322 3898 κορινθιακῶν.
1432 3892 1435 3898 ¹

177 3908 370 4004 [λακωνικῶν
380 3933 400 3978 a
411 3934 478 3981 see·
492 3910 834 4005 111011.].μεσσηνιοκο10
851 3961 859 3979 .
873 3913 1007 3997 ἠλιακῶν
1017 3913 1072 3976 &⁰⁹
1087 3959 1096 3976 .
1110 3914 1244 3997 ἡλιακῶν
1251 3913 1323 3997 49⁰⁹.

177 4016 312 4099 ἄχαικῶν
333 4065 341 4081 .
361 4017 535 4103 ἇρκαελικῶν
556 4063 564 4080 .
587 4025 753 4098 βοιωτικῶν
776 4055 785 4081 a
806 4021 856 4082 καὶ
887 4022 1029 4105 pantania
1055 4020 1171 4101 λοκρῶν
1199 4019 1322 4098 ὂζολῶν.

83 4115 86 4125 '
178 4117 321 4208 Margini
353 4118 514 4209 adscripta
549 4125 623 4188 sunt
657 4127 863 4210 argumenta,
904 4139 984 4207 quae
1012 4116 1169 4206 quomodo
1194 4119 1323 4188 Kollar.

181 4216 349 4312 Supplem.
363 4244 395 4312 p.
411 4222 497 4291 594.
511 4222 635 4292 scholia
647 4240 829 4312 nuncupare
843 4225 982 4312 potuerit
1002 4224 1061 4388 „qt
1085 4223 1212 4290 ormrino
1226 4220 1326 4338 digna
