2872 4846
137 247 178 304 Vl
505 232 918 300 PRAEFATIO.

139 417 196 492 τὰς
204 415 407 501 Ταναγραίων
419 413 480 502 πρὸ
494 419 553 480 τῶν
564 408 719 478 Διονύσου
732 408 843 498 ὀργίων
850 403 987 502 (mellus
1000 425 1020 473 e
1031 404 1178 497 vestigiis
1189 405 1281 497 ello·

140 539 210 585 rum
223 516 365 587 codicum
380 519 438 604 πρὸ
453 524 508 582 τοῦ
523 514 678 603 Διονύσαυ
700 522 760 581 τῶν
781 505 913 601 ὀργίων)
933 512 980 575 ini
1000 509 1166 575 θάλασσαν
1184 532 1281 574 κατα-

49 628 52 639 ’
119 628 318 704 βῆναα-
270 619 410 709 -IX3
436 617 561 709 2736.
585 621 639 684 τὸν
659 620 693 684 δὲ
712 619 870 701 νομίζοντα
887 610 1028 694 diaeticum
1054 612 1116 679 hoe
1136 611 1261 680 loco
1230 637 1282 676 ταν

141 719 357 791 δὲαΜαειαο
371 720 512 789 additum
525 715 1003 809 est3atatnondummtegrrtat1
1015 734 1089 780 esse
1101 716 1283 781 restitutum

141 824 325 892 Pausaniae
338 844 518 895 sermonem
531 824 690 912 latiusque
703 823 793 889 hiare
807 822 955 888 lacunam
967 818 1047 884 satis
1061 817 1284 906 comprobatur

142 933 297 1014 sequente
316 931 476 1009 νομίζοντα
497 925 580 1015 quod
597 947 696 994 sensu
716 943 829 993 carere
849 920 976 988 videtur
990 922 1120 987 etiamsi
1134 918 1284 986 admittas

143 1029 271 1097 Masuri
288 1030 577 1118 interpolationem.
628 1029 706 1099 Alia
726 1025 875 1116 exempla
894 1023 1125 1118 quamplurima
1141 1023 1286 1091 locorum

144 1130 272 1202 Musuri
284 1132 531 1201 correctionibus
544 1131 791 1222 depravatorum
810 1124 1023 1218 suppeditabit
1042 1124 1286 1194 commentarius

145 1237 278 1322 noster3
311 1254 393 1322 quac
413 1235 603 1325 protulimus
622 1233 772 1304 sulficere
790 1230 939 1300 videntur
958 1227 1001 1294 ad
1019 1216 1287 1318 comprobandum

145 1335 293 1403 iudicium
314 1343 458 1405 nostrum
476 1336 516 1404 dc
534 1336 682 1415 editionis
701 1335 841 1404 Aldinae
855 1328 964 1399 indole
983 1336 1018 1400 et
1036 1333 1140 1421 pretio
1159 1331 1286 1398 critico
1275 1376 1286 1417 ,

148 1443 199 1506 est
217 1440 302 1513 enirn
320 1458 339 1504 e
358 1438 443 1507 malo
464 1439 574 1508 codice
595 1442 803 1530 negligenter
824 1453 999 1526 expressa,
1028 1434 1148 1501 crebris
1160 1430 1288 1503 illusuri

147 1540 337 1616 coniectuiis
365 1548 399 1613 et
424 1533 720 1632 interpolationibus
746 1536 949 1628 deformata,
992 1536 1091 1603 nullis
1120 1535 1288 1604 virtutibus

147 1643 422 1732 commendabilis3
445 1650 478 1712 et
498 1665 543 1712 ex
560 1644 715 1733 eiusmodi
727 1643 866 1712 editione
880 1659 992 1708 omnes
1003 1638 1147 1729 reliquae
1159 1641 1290 1729 praetor

147 1765 244 1815 unam
255 1744 422 1836 bekken,
446 1743 1020 1836 tanquamefontesuoderivanbrr.
1206 1807 1215 1820 ,

253 1845 407 1936 Sequitur
425 1849 521 1921 editio
540 1849 684 1918 secunda
703 1871 725 1917 a
743 1847 832 1917 Gnil.
846 1844 1023 1932 Xylandro
1037 1847 1245 1934 praeparata,
1268 1860 1291 1908 a

149 1968 269 2036 magno
282 1950 372 2018 llrid.
387 1947 568 2043 Sylburgio
589 1955 622 2019 in
639 1954 744 2023 lucem
763 1949 866 2039 edita,
892 1945 1099 2015 Francofurti
1110 1968 1165 2037 ap·
1177 1944 1290 2017 bened.

150 2050 304 2119 Weohel.
327 2050 438 2121 1583.
461 2053 520 2122 iol.
551 2054 639 2128 Guil.
662 2052 840 2144 Xylander
861 2049 962 2119 multa
983 2048 1129 2119 editionis
1151 2049 1290 2119 Aldinae

149 2153 228 2226 vitia
240 2156 392 2249 correxit,
408 2158 510 2225 multa
522 2177 543 2230 e
555 2160 738 2227 coniectura
752 2155 891 2248 egregio
901 2153 1058 2241 restituit3
1083 2173 1178 2242 quum
1190 2172 1291 2242 prae·

141 2262 276 2349 malma
294 2264 398 2327 morte
417 2260 566 2348 abreptus
580 2261 630 2328 vir
643 2261 756 2330 doctus
769 2259 856 2330 ultra
866 2255 982 2338 Eliaca
993 2256 1102 2344 priora
1116 2277 1198 2345 opus
1211 2275 1292 2344 pcr-

8 2364 40 2458 J.
150 2355 268 2429 docere
285 2380 350 2430 non
369 2364 527 2452 potuisset
545 2364 690 2433 laborem
709 2365 919 2450 interruptum
939 2358 1080 2447 suscepit
1100 2362 1133 2424 ot
1153 2357 1293 2427 absolvit

0 2472 18 2490 ⁸
62 2528 67 2545 ,,
150 2457 334 2532 Fridoricus
346 2459 547 2557 Sylburgius
566 2472 676 2555 totque
693 2467 775 2535 loeis
793 2470 864 2532 tam
883 2462 1055 2552 ogregiam
1065 2459 1206 2529 adhibuit
1218 2476 1292 2531 mer

150 2559 256 2633 debm
275 2567 311 2635 ut
331 2570 419 2633 recte
439 2565 623 2638 Pausaniae
641 2571 819 2656 sospitator
838 2565 1148 2657 possitnuncupari.
1201 2558 1295 2632 Sub·

95 2687 97 2692 ·
147 2662 238 2730 cidiis
258 2685 336 2731 usus
355 2672 406 2734 ost
424 2674 555 2754 praeter
566 2669 750 2737 incredibile
764 2684 826 2754 quo
838 2667 1001 2753 gaudebat
1012 2666 1135 2753 ingenii
1146 2682 1292 2755 momen,

151 2764 274 2838 duobus
299 2767 534 2855 exemplaribus
559 2765 717 2860 (quoram
742 2768 883 2848 alterum
905 2765 994 2833 illius
1024 2769 1177 2856 temporis
1203 2783 1293 2836 more

152 2864 318 2935 codicem
329 2864 507 2960 appellat),
533 2869 641 2938 multis
659 2873 692 2938 in
711 2871 793 2939 locis
813 2867 1008 2955 emendatis3
1033 2868 1292 2939 alternmloacb.

152 2966 350 3060 camerarii,
376 2971 513 3039 alterum
532 2971 637 3041 Zaob.
656 2971 767 3043 Ursini
785 2969 857 3039 fuit.
906 2971 945 3038 ln
963 2970 1027 3040 boo
1044 2972 1146 3039 multa
1163 2971 1293 3041 loannis

152 3069 283 3159 ilperini
302 3078 335 3140 et
346 3071 426 3141 Abr.
440 3074 618 3143 Loescberi
630 3073 706 3168 (qui
726 3075 791 3144 lico
806 3074 888 3141 libro
911 3075 945 3141 in
968 3076 1118 3142 versione
1137 3096 1198 3142 sua
1215 3097 1293 3144 usus

152 3167 224 3260 est)
245 3195 341 3241 manu
360 3179 556 3345 marginibus
570 3178 731 3268 adscripta
743 3178 864 3245 invenit
876 3171 1096 3267 Sylburgius'3
1121 3184 1294 3268 praeterea

150 3273 233 3346 ,oon
245 3275 399 3368 borneti,
458 3280 522 3347 ion.
534 3278 692 3370 Lambini,
713 3280 795 3349 Adr.
808 3279 901 3368 lunii,
928 3279 1018 3346 Guil.
1032 3276 1178 3371 cantori,
1198 3279 1293 3350 Paul.

151 3375 316 3467 Leopardi
331 3373 537 3470 ¹aliorumque
563 3384 805 3452 observationes
833 3378 1005 3470 diligenter
1031 3385 1226 3468 conquisitas
1252 3383 1294 3452 ad

151 3481 391 3557 emaculandum
404 3482 584 3559 Pausaniae
597 3505 781 3560 sermonem
791 3480 934 3551 adhibuit
945 3488 978 3550 et
989 3483 1021 3549 in
1035 3488 1294 3557 commentarium

151 3585 249 3651 critici
269 3587 466 3674 potissimum
483 3592 677 3678 argumenti,
702 3589 805 3657 bonae
828 3583 932 3675 frugis
954 3583 1199 3659 refertissimum
1212 3611 1295 3658 con-

151 3688 266 3777 gessit.
317 3687 461 3761 Editioni
479 3689 654 3781 diligenter
672 3709 812 3767 excusae
825 3687 950 3762 adiecta
963 3694 1015 3757 est
1029 3687 1127 3758 llom.
1142 3691 1295 3765 Amasaai

152 3788 259 3859 versio
278 3788 379 3858 latina
397 3789 613 3883 aSylburgio
632 3799 782 3867 aocmato
802 3794 975 3882 castigata.
999 3806 1046 3839 -'-
1067 3793 1223 3884 Repctita
1243 3803 1296 3865 est

152 3889 343 3967 basc'editio
354 3892 523 3962 Hanovias
536 3895 622 3985 apud
634 3895 766 3966 eosdem
776 3894 913 3963 heredes
929 3893 1081 3961 Woobel.
1094 3917 1179 3965 anno
1194 3895 1294 3967 1613

12 4080 18 4095 ,
152 3990 225 4082 tol,
248 3993 294 4063 ita
312 3998 346 4064 ut
365 4017 506 4083 priorem
519 4017 562 4069 ex
575 4019 649 4075 asse
662 3998 786 4068 refero
773 4004 858 4066 nrsr
848 3995 975 4086 quod
967 4017 1150 4069 versionem
1161 3999 1295 4076 latinam

152 4112 217 4165 uon
235 4099 408 4184 separatim
426 4099 544 4169 editam
557 4100 616 4176 sed
632 4099 852 4191 persingulas
866 4088 1003 4191 paginas
1015 4098 1197 4215 adium
1211 4122 1293 4175 con

152 4196 252 4286 tinet3
276 4217 349 4272 eam
362 4200 511 4279 conierre
526 4225 644 4301 operae
657 4206 794 4302 pretium
806 4224 872 4273 non
887 4202 1099 4278 doninton-
1163 4234 1166 4241 ·
