2872 4846
130 316 201 376 IN
503 302 912 377 Pannonio.

130 490 173 562 X,
197 482 247 558 35,
272 485 320 556 10,
343 477 373 542 4.
397 479 652 563 ,,κατειλημμὲνον
666 486 741 544 MP:
759 487 888 546 correxit
899 486 1039 546 Cernes.“
1062 489 1134 569 [imo
1147 495 1272 552 Porsen.

109 617 112 620 ,
336 566 462 646 sunan]

129 693 171 703 ..
192 655 244 729 36,
273 657 319 725 10,
342 655 372 714 6.
396 651 501 735 „ot’aipc
515 649 625 710 codd.“
648 653 757 731 addere
777 655 922 715 debebat:
945 660 1097 732 „coemit
1110 658 1214 741 sylis

129 777 172 790 ..
192 741 245 814 37,
268 738 297 811 3,
320 740 350 799 9·
374 735 755 819 „cvpeattcootcoraess‘
779 741 852 818 [imo
866 743 990 822 sieten]
1202 742 1204 747 ’

128 860 172 877 ...
192 824 244 900 38,
265 825 296 899 8,
318 821 350 884 4.
372 818 427 898 „ro”
442 820 512 880 add.
527 823 686 884 Siebelis.“
711 824 783 902 [imo
800 829 898 908 Sylb.]
952 842 956 853 “

129 947 171 957 -
191 941 235 959 --
258 912 305 982 10,
325 905 355 997 4.
379 901 447 984 ,,οἶς
465 910 634 989 claviger.“
659 911 731 986 [imo
745 914 843 994 Syia]

202 1052 206 1058 '
232 1046 325 1119 Haec
337 1044 507 1142 sufficiant,
535 1048 587 1147 qui
608 1049 704 1142 plura
726 1055 813 1145 cupit
832 1048 920 1121 haud
932 1074 1053 1144 magno
1066 1074 1166 1145 opere
1180 1058 1275 1124 inve·
1296 1126 1297 1130 ,

130 1159 197 1227 niet
202 1178 214 1245 3
229 1152 401 1223 tenendum
414 1158 521 1221 tamen
536 1173 578 1220 ne
589 1153 650 1245 ipsi
663 1154 821 1225 Bekkero
834 1157 996 1246 insignem
1008 1157 1155 1225 iniuriam
1168 1157 1276 1226 facere

131 1259 309 1348 videamur,
331 1254 471 1327 Porsoni
494 1257 734 1328 observationes
760 1266 793 1327 et
815 1257 970 1330 Olavierii
996 1259 1168 1328 editionem
1193 1261 1276 1351 quod

132 1371 256 1453 tempus
267 1362 381 1428 attinet
391 1356 461 1426 fere
471 1362 655 1456 convenire,
668 1363 715 1430 ita
728 1366 763 1430 ut
775 1363 889 1430 merito
904 1364 1025 1449 multae
1035 1362 1275 1432 emendationes

131 1469 259 1553 utrique
274 1464 452 1532 tribuantur
472 1459 697 1555 (Clavierium
716 1485 795 1534 vero
816 1467 988 1557 praecipuo
1009 1465 1145 1555 quodam
1165 1487 1282 1534 amore.

132 1563 320 1661 prosecutus
345 1565 473 1634 videtur
498 1563 716 1658 Bekkems);
757 1589 867 1637 omnes
892 1590 971 1639 vero
997 1590 1099 1658 supra
1125 1569 1276 1650 laudatas

133 1669 295 1744 Siebelisii
308 1669 546 1738 emendationes
559 1671 591 1738 in
607 1672 675 1739 eius
688 1671 829 1740 editione
848 1671 970 1741 minore
985 1669 1121 1764 (1818.
1140 1667 1276 1763 1819.)

132 1778 197 1843 iam
210 1775 355 1865 reperiri,
382 1774 442 1839 nisi
454 1773 506 1839 ubi
519 1776 711 1842 contrarium
724 1773 845 1843 diserte
858 1775 1048 1843 monuimus.

235 1879 436 1969 iniquitatem
454 1875 588 1967 denique
607 1878 640 1943 in
661 1897 699 1946 eo
719 1877 882 1968 videmus,
916 1877 999 1967 quod
1024 1875 1200 1969 Bekkerus
1229 1914 1276 1926 -

126 1977 279 2052 ¹nolumus
294 1979 400 2047 dicere
414 1980 517 2046 sciens
530 1980 720 2071 volensque,
735 2002 815 2070 quae
830 1981 952 2049 malitia
964 1978 1049 2048 foret
1062 1983 1150 2047 cuius
1165 1981 1277 2070 suspi-
1352 1990 1355 1994 ’

132 2090 181 2154 cio
200 2073 312 2178 procul
328 2083 420 2151 abest
434 2119 502 2173 -,
534 2080 575 2149 de
588 2078 752 2154 Siebelisii
771 2085 891 2152 meritis
910 2085 1008 2154 toties
1026 2082 1170 2150 detraxit
1182 2084 1277 2151 modo

132 2187 296 2257 reticendo
310 2207 393 2278 quae
403 2206 468 2255 non
482 2184 633 2278 debebat,
658 2186 754 2256 modo
770 2185 936 2257 Olavierio
951 2186 1190 2254 emendationes
1214 2186 1278 2252 ad-

54 2354 59 2358 .
131 2292 298 2360 scribendo
320 2310 399 2380 quae
419 2291 450 2355 in
464 2286 627 2359 Siebelisii
647 2289 787 2358 editione
805 2292 929 2358 minore
942 2290 1006 2356 iam
1018 2286 1278 2377 inveniebantur3

131 2397 213 2462 haec
225 2400 332 2463 autem
346 2393 443 2460 editio
457 2392 575 2483 prodiit
587 2414 672 2461 anno
689 2391 801 2485 1819,
829 2390 986 2462 Clavierii
1005 2393 1156 2461 volumen
1178 2393 1277 2460 libros

131 2498 329 2590 posteriores
349 2496 515 2563 continens
540 2517 624 2565 anno
650 2494 761 2566 1821.
813 2495 977 2586 Exempla
1003 2498 1037 2569 in
1062 2497 1101 2562 iis
1124 2495 1279 2569 habemus

133 2623 213 2692 quae
233 2598 328 2669 modo
349 2601 585 2689 proposuimus.
613 2610 615 2615 ’
636 2597 683 2665 At
704 2597 846 2667 fortasse
864 2622 929 2678 non
946 2600 1087 2689 inspexit
1107 2598 1280 2667 editionem

132 2702 294 2777 Siebelisii
309 2703 465 2767 minorem
476 2703 527 2767 vir
541 2698 738 2790 occupatus?
789 2702 857 2769 lmo
871 2703 1012 2791 inspexit
1017 2724 1028 2787 3
1048 2721 1088 2767 ea
1099 2703 1170 2791 ipsa
1183 2701 1278 2792 adeo,

20 2835 30 2847 ·
131 2810 166 2875 ni
187 2806 324 2896 egregio
347 2801 507 2892 fallimur,
527 2824 605 2869 usus
628 2806 679 2868 est
699 2805 749 2868 cui
768 2804 955 2872 inscriberet
972 2804 1145 2872 lectionem
1163 2805 1279 2872 codicis
1382 2844 1388 2851 -

132 2910 271 2978 Parisini
294 2924 431 2992 suasque
453 2905 599 2993 notulas3
627 2903 762 2971 eandem
777 2908 907 2974 mutatis
927 2906 1086 2975 mutandis
1107 2910 1197 2998 typis
1217 2906 1280 2974 de-

133 3008 333 3081 scribendam
346 3005 453 3095 dedit3
480 3007 563 3095 quod
584 3006 711 3096 quidem
732 3011 813 3076 satis
835 3014 904 3078 tuto
924 3030 943 3076 e
963 3011 1049 3078 vitiis
1070 3003 1280 3102 typotheticis

133 3117 258 3207 utrique
273 3112 404 3183 editioni
419 3111 634 3206 communibus
648 3114 869 3202 argumentari
887 3133 985 3203 posse
997 3113 1156 3182 videmur.
1171 3160 1174 3165 -
1210 3112 1280 3204 Sic,

133 3240 176 3288 ne
197 3218 302 3287 desint
315 3215 483 3303 exempla,
514 3214 559 3304 V,
579 3212 641 3304 24,
661 3213 698 3280 6.
723 3222 859 3304 utraque
878 3215 975 3285 editio
994 3217 1092 3286 habet
1112 3221 1165 3283 οὐν
1188 3211 1279 3309 (sic)

133 3345 193 3416 pro
210 3325 282 3406 οὖκ,·
307 3319 369 3408 ΙΙΙ,
398 3315 458 3407 13,
483 3315 516 3382 1.
545 3315 697 3402 ἓτάφησον
712 3339 770 3406 pro
786 3317 961 3404 ἐτάφησανς
995 3320 1056 3404 IV,
1077 3319 1139 3411 24,
1164 3320 1199 3387 2.
1222 3320 1280 3386 πό-

135 3437 228 3512 λεμον
244 3448 303 3517 pro
317 3422 470 3503 πολέμους
497 3419 561 3511 IX,
577 3418 638 3510 29,
655 3420 689 3487 2.
708 3421 811 3497 αὐτοῖς
822 3441 882 3509 pro
899 3422 1014 3499 αὐταῖς.
1033 3416 1071 3509 ¹²)

196 3523 198 3527 ’
235 3529 291 3599 Ex
310 3530 348 3594 iis
371 3544 452 3613 quae
464 3522 627 3611 hucusque
641 3522 802 3612 disputata
815 3527 890 3589 sunt
903 3522 988 3590 facili
1001 3523 1281 3613 argumentatione

134 3634 331 3709 concluditur
353 3627 523 3697 editionem
543 3627 685 3693 criticam
697 3623 881 3693 Pausaniae
902 3645 921 3693 e
939 3624 1082 3695 codicum
1101 3624 1164 3694 fide
1183 3646 1281 3693 reco-

134 3740 258 3831 gnitam
272 3742 304 3803 et
316 3735 472 3822 apparatu
486 3729 665 3818 copiosiore
678 3729 864 3796 instructam
876 3729 981 3796 adhuc
994 3728 1182 3796 desiderari.

170 3857 173 3861 ·
236 3837 281 3906 Ut
299 3836 445 3904 notitiam
462 3832 639 3902 literarium
659 3853 723 3900 uno
744 3830 817 3900 loeo
833 3830 1038 3902 absolvamus
1053 3831 1188 3900 indicem
1199 3849 1282 3898 ver-

34 4028 40 4034 ,
135 3947 261 4015 sionum
274 3939 500 4031 subnectimus.

132 4104 344 4133 ...L—...—

206 4212 235 4278 n)
253 4207 341 4261 Semel
357 4210 458 4260 tantum
475 4206 509 4259 de
525 4206 596 4259 fucta
613 4188 710 4258 iniuria
734 4202 904 4273 conqueritur
926 4201 970 4263 vir
989 4201 1155 4270 mitissimus,
1183 4201 1210 4254 in
1228 4201 1284 4254 Au-

139 4283 217 4346 aar„
236 4278 283 4331 ubi
301 4277 438 4345 Excerpta
453 4275 500 4329 det
517 4294 532 4328 e
547 4274 664 4328 Bekkeri
681 4273 813 4341 editione,
830 4272 864 4325 ad
882 4270 961 4338 vm,
978 4273 1022 4325 22.
1047 4271 1284 4338 „Emendationarn

140 4344 319 4417 προλιμνάζει
334 4351 441 4417 praeter
453 4343 494 4396 ius
508 4352 536 4421 et
549 4342 708 4414 aequitatem
721 4342 863 4414 peregrino
877 4339 975 4395 homiui
988 4340 1112 4393 tribuit.“
