2872 4846
178 279 208 336 X
550 273 955 341 PRAEFATIO.

178 451 274 516 nimia
294 447 435 518 tortasse
450 450 596 519 lectionis
609 472 702 541 quam
715 458 898 543 nuncupant
909 453 1076 545 vulgatam
1090 454 1271 523 reverentia
1282 459 1316 522 et

176 553 341 622 timiditate
368 554 502 643 quadam
529 553 599 621 iere
625 554 1272 624 seniliemendationesmanifestissimas
1293 580 1314 625 a

175 658 283 725 codice
303 657 426 725 oblatas
444 662 500 724 aut
518 680 538 724 a
558 678 594 725 se
607 660 676 747 ipso
689 660 795 728 aliove
806 662 953 728 inventas
968 661 1000 725 in
1013 662 1239 728 commentario
1255 680 1313 727 re-

174 763 267 829 tinuit
288 761 422 849 aliisque
442 763 473 828 in
496 768 680 829 contextum
693 784 749 830 eas
762 762 933 853 recipiendi
945 762 1074 829 laudem
1087 764 1227 853 reliquit,
1250 752 1311 852 quo

173 863 292 932 sactum
312 869 363 931 est
383 870 419 932 ut
441 885 505 931 non
527 886 590 932 uno
610 864 683 933 loco
708 868 741 933 iu
766 864 905 934 editione
924 865 1135 933 Bokkeriana
1156 868 1311 958 egregias

172 975 372 1037 correcturas
386 969 503 1035 omisso
517 968 656 1036 auctoris
669 971 796 1037 nomine
808 971 904 1037 tacite
916 969 1080 1035 videamus
1093 975 1261 1058 receptas.t

273 1070 400 1138 Eodem
418 1068 488 1137 fere
509 1076 653 1161 tempore
672 1073 704 1138 in
718 1073 828 1139 Gallia
847 1071 963 1162 prodiit
978 1071 1075 1139 editio
1092 1068 1210 1160 Steph.
1224 1069 1310 1141 Ota-

169 1176 259 1241 vierii
274 1173 401 1266 (Paris.
418 1172 518 1242 1814
529 1211 575 1223 -
588 1172 698 1241 1823.
721 1176 743 1244 7
757 1176 836 1244 voll.
858 1169 916 1262 8.)
932 1174 974 1243 ad
986 1177 1110 1242 maiora
1122 1174 1290 1263 adspirans
1297 1199 1310 1264 3
1333 1180 1337 1185 “

169 1279 322 1368 promittit
343 1279 426 1345 enim
443 1300 560 1345 novam
580 1281 800 1347 recensionem
822 1278 864 1346 ad
876 1278 971 1345 fidem
985 1278 1126 1346 codicum
1138 1276 1310 1346 Parisino-

169 1403 258 1471 rum3
283 1388 318 1451 at
336 1382 499 1471 promissis
513 1403 577 1450 non
591 1384 696 1471 stetit3
728 1383 845 1451 multos
859 1381 983 1471 quidem
994 1383 1084 1451 locos
1098 1380 1242 1450 codicum
1253 1382 1308 1447 in·
1361 1404 1372 1419 ¹

167 1488 317 1576 geniique
336 1486 456 1555 auxilio
475 1483 677 1576 emendavit,
701 1508 819 1555 novam
841 1506 922 1555 vero
945 1486 1220 1577 recognitionem,
1246 1505 1308 1573 quo

168 1610 227 1658 nos
249 1610 347 1658 sensu
367 1589 429 1657 hoc
451 1590 586 1658 nominis
606 1589 758 1659 adhibere
780 1590 938 1681 solemus,
959 1591 1141 1677 neutiquam
1160 1588 1306 1655 instituit.

168 1691 380 1762 Pertustravit
395 1694 478 1759 enim
491 1694 541 1760 vir
554 1695 736 1782 ceteroquin
750 1694 969 1761 meritissimus
982 1692 1107 1759 codices
1123 1689 1307 1760 Bibliothe-

168 1816 226 1863 cae
247 1800 361 1888 regiae
377 1797 548 1885 variasque
570 1795 644 1863 inde
668 1798 829 1887 excerpsit
848 1797 1004 1865 lectiones
1024 1794 1190 1863 commode
1211 1800 1307 1882 atque

167 1898 365 1969 defunctorie
371 1922 383 1989 3
408 1898 503 1967 tidem
521 1920 600 1969 vero
620 1900 711 1967 illam
734 1907 765 1968 et
787 1900 978 1990 religionem
993 1904 1025 1965 et
1038 1898 1093 1967 vet
1106 1898 1306 1965 minimorum

166 2025 275 2071 euram
298 2022 379 2094 quae
398 2024 438 2071 ne
452 2003 622 2071 manifesta
636 2004 760 2093 quidem
772 2003 888 2071 menda
906 2002 1040 2093 despicit
1067 2005 1193 2071 omuino
1213 1999 1305 2068 desi-

165 2106 326 2198 deramus,
351 2108 422 2173 sine
444 2108 553 2197 quibus
573 2112 680 2175 tamen
699 2106 788 2174 nullo
809 2106 904 2175 modo
926 2127 1029 2195 neque
1042 2104 1083 2173 de
1095 2106 1237 2173 codicum
1250 2103 1305 2169 in-

164 2210 238 2278 dole
260 2214 430 2299 mutuaque
450 2211 535 2279 inter
557 2230 595 2277 se
614 2210 770 2278 affinitate
789 2208 937 2277 iudicium
957 2208 1055 2299 terri,
1088 2228 1191 2299 neque
1212 2206 1304 2274 crisis

163 2314 309 2381 exerceri
321 2318 439 2401 potest.
490 2313 625 2381 Accedit
645 2319 814 2403 praeterea
827 2314 1051 2402 superstitiosa
1065 2314 1156 2400 quasi
1168 2313 1200 2376 in
1213 2308 1303 2377 Fauii

161 2416 362 2485 coniecturas
379 2417 546 2484 veneratio
560 2436 642 2504 quae
655 2421 744 2484 tanta
757 2420 809 2483 est
821 2422 856 2483 ut
869 2417 1054 2507 plerumque
1067 2415 1153 2505 apud
1165 2412 1304 2483 Cluvio-

160 2522 242 2587 rium
254 2521 287 2586 in
301 2520 452 2585 contextu
464 2518 662 2588 inveniamus
675 2518 880 2606 quaeFaeius
892 2538 934 2585 ne
946 2521 979 2586 in
992 2524 1086 2587 notas
1100 2518 1226 2607 quidem
1238 2515 1303 2582 ad-

159 2624 286 2689 mittere
300 2620 464 2689 debuerat.
516 2618 700 2689 Editionem
719 2624 793 2709 post
813 2622 993 2689 absolutum
1012 2622 1162 2689 volumen
1181 2641 1302 2687 secun-

159 2724 234 2792 dum
248 2722 403 2793 (itavierii
420 2728 524 2791 morte
544 2724 754 2812 interruptam
772 2722 814 2789 ad
826 2722 920 2789 finem
931 2721 1149 2811 perduxerunt
1162 2718 1302 2813 Gourier

159 2823 347 2913 etOoraes,
374 2826 435 2891 viri
456 2822 645 2912 doctissimi3
673 2823 800 2894 Ooraes
820 2824 928 2893 multis
950 2826 1138 2892 coniecturis
1154 2814 1300 2913 plerumss

159 2950 218 3018 que
231 2928 376 3019 egregiis
392 2928 455 2995 imo
470 2928 608 3018 margini
621 2928 775 3018 appositis
790 2936 823 2998 et
837 2930 870 2996 in
882 2928 971 2996 calce
985 2926 1140 2995 adiunctis
1154 2946 1300 2995 exorna-

158 3034 203 3099 vit
221 3032 405 3099 cditioncm.
456 3030 616 3099 Volumen
634 3032 803 3125 septimum
820 3036 915 3100 notas
929 3028 1085 3101 Clavierii
1105 3033 1174 3098 sive
1193 3031 1298 3119 potius

157 3135 293 3202 schedas
307 3134 462 3201 nonsatis
476 3140 625 3202 accurate
639 3134 785 3226 digestas
799 3136 958 3223 continet3
975 3135 1136 3202 festinatio
1150 3135 1213 3198 iam
1225 3130 1298 3198 inde
1372 3150 1382 3165 ¹

157 3241 236 3306 satis
255 3238 444 3329 perspicitur
461 3237 544 3325 quod
567 3256 667 3327 saepe
687 3236 792 3305 locum
813 3236 954 3305 indicare
967 3238 1055 3307 obliti
1070 3243 1144 3305 sunt
1157 3236 1298 3304 editores

157 3364 218 3430 quo
241 3339 413 3409 reserenda
433 3340 475 3409 sit
493 3346 584 3429 nota,
610 3339 693 3430 quod
713 3332 799 3407 haud
817 3360 892 3407 raro
911 3342 943 3406 in
962 3342 1047 3408 notis
1067 3341 1150 3406 haec
1167 3340 1221 3406 vet
1240 3339 1297 3404 illa

155 3446 250 3514 tectio
265 3450 396 3535 recepta
408 3442 521 3510 dicitur
533 3464 614 3532 quae
627 3449 756 3531 recepta
768 3463 834 3509 non
849 3447 912 3531 est,
937 3449 973 3511 ut
994 3450 1156 3510 taceamus
1174 3442 1296 3509 levita-

155 3555 220 3619 tem
240 3569 302 3638 qua
317 3548 445 3615 nomina
460 3545 703 3636 haudquaquam
722 3546 858 3613 obseura
870 3542 1051 3612 deformata
1061 3544 1225 3631 videmus3
1249 3545 1296 3610 sic

152 3654 275 3742 Hcyne
295 3650 484 3742 saepissime
501 3656 636 3717 vocatur
657 3646 793 3739 Regno,
822 3672 854 3738 p.
879 3644 1075 3715 121.125.
1100 3646 1184 3717 175.
1209 3644 1294 3713 182.

156 3757 229 3825 183
245 3750 358 3851 (bis);
385 3752 632 3840 wyttenbachii
651 3772 768 3820 nomen
786 3753 819 3817 in
832 3750 1066 3839 Wyttemttach
1088 3759 1121 3821 et
1135 3751 1295 3819 Wittem-

152 3862 233 3929 boch
245 3859 372 3928 transiit
385 3877 462 3948 pag.
481 3852 566 3922 125.
619 3852 689 3923 Sed
703 3858 778 3923 sunt
790 3854 871 3922 haec
884 3854 1019 3925 leviora.

255 3963 373 4033 Omnes
395 3959 550 4028 editiones
566 3958 727 4047 hucusque
747 3958 925 4048 descriptae
940 3979 1003 4028 uno
1017 3959 1160 4024 nituntur
1172 3952 1294 4021 funda-

151 4076 271 4156 mento,
292 4064 468 4153 exemplari
486 4060 621 4151 Aldina
643 4058 727 4150 quod
750 4081 845 4149 quam
865 4082 979 4151 parum
1000 4061 1042 4127 sit
1060 4058 1183 4125 firmum
1195 4076 1295 4146 supra

150 4172 391 4240 demonstrasse
410 4167 500 4233 nobis
515 4164 679 4250 videmur3
705 4162 845 4232 editores
866 4160 1039 4253 sequentes
1060 4160 1112 4229 hio
1134 4160 1201 4227 illie
1219 4158 1293 4250 qui-

150 4275 223 4342 dem
244 4293 308 4340 non
332 4270 401 4337 sine
420 4288 573 4338 successu
592 4265 734 4336 maculas
752 4266 943 4360 abstergere
964 4266 1069 4335 conati
1091 4272 1184 4356 sunt,
1207 4281 1292 4333 nova
