2872 4846
138 248 182 309 λθ
604 239 794 301 ATTlKA

135 404 344 503 Ἀσσυρίους
355 408 526 501 Κυπρίων
543 408 704 500 Παφίοις
715 403 754 452 4⁷
770 406 827 477 καί
851 404 1025 476 Φοινίκων
1045 413 1120 486 τοῖς
1136 395 1265 475 ilm-

141 518 235 584 λωνα
265 512 405 605 ἔχουσιν
437 511 474 581 lv
503 513 546 603 τῇ
582 511 814 602 Παλαιστίνῃ·
881 500 974 600 παρὰ
1004 506 1042 576 di
1077 507 1264 576 Φοινίκων

141 607 325 709 Κυθήριοι
352 605 529 703 μαθόντες
563 613 744 704 σέβουσιν·
791 605 986 704 Ἀθηναίοις
1013 609 1052 677 δὲ
1090 601 1263 730 κατεστρ-

143 722 229 788 ’σατο
243 708 385 810 Alcinio,
414 707 512 808 αὐτῷ
532 739 567 784 τε
590 707 659 784 οὐκ
682 711 768 784 εἶναι
787 718 914 797 παῖδας
936 713 1085 801 νομίζων
1109 712 1172 800 (ου
1188 735 1265 803 γαρ

140 839 197 893 zor
225 812 303 889 τότε
322 802 427 911 ἦσαν)
449 817 507 886 καί
529 829 605 900 ταῖς
630 809 800 909 ἀδελφαῖς
828 816 989 909 γενέσθαι
1017 807 1080 905 τὴν
1113 827 1264 906 συμφο-

106 972 110 979 -
142 914 208 1012 ocio
227 922 265 990 ἐκ
285 906 481 1013 μηνίματος
499 922 563 1012 τῆς
591 911 778 1011 Οὐρανίας.
825 912 867 990 τὸ
891 916 928 987 δὲ
942 912 982 961 4⁸
1009 908 1060 1008 ἐφ’
1087 909 1186 1007 ἡμῶν
1208 915 1263 991 ἔτι

142 1017 278 1116 ἄγαλμα
308 1024 418 1091 λίθου
447 1023 591 1113 Παρίου
618 1022 677 1090 καί
713 1022 814 1114 ἔργον
847 1020 1003 1090 Φειδίου.
1063 1020 1188 1110 Δῆμος
1219 1016 1264 1089 dd

144 1127 237 1195 ἐστιν
258 1117 455 1217 Ἀθηναίοις
474 1115 687 1213 Ἀθμονέων,
701 1119 741 1168 49
773 1128 808 1192 οἳ
829 1122 1076 1213 Πορφυρίωνα
1099 1122 1147 1188 ἔτι
1169 1112 1264 1210 τρό-

143 1250 245 1318 τερου
259 1219 415 1297 Ἀκταίου
438 1219 689 1317 βασιλεύσαντα
710 1229 774 1318 τῆς
799 1217 977 1315 Οὐρανίας
999 1221 1088 1315 φασί
1107 1215 1148 1291 τὸ
1162 1214 1265 1313 παρὰ

145 1330 268 1420 σφίσιν
295 1320 389 1423 ίιρόν
412 1322 637 1419 ἱδρύσασθαι.
688 1328 830 1420 λέγουσι
852 1326 891 1395 δὲ
917 1318 982 1395 circi
1008 1315 1096 1407 τούς
1119 1316 1265 1418 δήμους

143 1430 200 1500 καί
227 1424 315 1501 ἄλλα
336 1423 444 1502 οὐδὲν
467 1425 600 1520 ὁμοίως
622 1428 680 1498 καί
706 1433 744 1500 οί
765 1423 829 1523 τὴν
849 1423 951 1500 πόλιν
976 1428 1119 1520 ἔχοντες.

504 1698 761 1772 (ίΑΡῑίΨ
813 1697 894 1764 XV.

344 1863 385 1918 Dc
401 1863 507 1935 porticu
524 1863 632 1918 Poecile
650 1863 723 1916 <licta
742 1866 769 1914 st
785 1860 819 1913 ‹le
835 1859 947 1929 picturis
965 1860 994 1912 in
1014 1876 1055 1914 aa.

217 1993 325 2073 Ἰοὖσι
347 2001 385 2074 δὲ
412 1997 503 2097 πρὸς
523 1995 587 2095 τὴν
611 1996 728 2090 στοίιυ,
751 1993 795 2094 ἣν
817 2002 991 2094 Ποικίλην
1011 1990 1264 2087 ὀνομάζουσιν,

148 2095 217 2173 ι’ντό
237 2107 307 2174 τῶν
332 2110 480 2198 γραφῶν
502 2107 593 2175 ἔστιν
609 2099 743 2198 Ἑρμῆς
763 2106 918 2196 χαλκοῦς
934 2095 1151 2190 καλούμενος
1162 2093 1262 2192 ’Λρο-

144 2217 246 2295 ρἀίος
264 2205 322 2275 καί
342 2201 438 2300 πύλη
460 2209 625 2299 πλησίου·
661 2208 774 2276 ἔπεστι
796 2205 835 2274 δέ
859 2209 896 2273 oi
915 2197 1260 2297 τρόπαιονἎθρυαί·

145 2332 195 2376 ων
217 2310 407 2404 ίτιιιομαχίμ
428 2302 675 2402 κρατησάντων
697 2309 953 2402 Πλείσταρχον,
981 2299 1023 2393 ὃς
1045 2310 1108 2397 τῆς
1121 2298 1260 2374 ίιτιιουι

143 2504 254 2586 Paphii
283 2507 316 2565 in
345 2509 444 2587 Cypro
471 2518 629 2586 acceptum
656 2529 810 2568 sacrorum
835 2511 927 2566 ritum
953 2528 1023 2565 cum
1046 2505 1261 2580 Phoenicibus,

144 2595 197 2677 qui
231 2595 265 2650 in
298 2594 472 2652 Palaestina
504 2595 687 2653 Ascalonem
726 2596 834 2652 urbem
870 2595 1033 2664 incolunt,
1092 2590 1261 2649 Phoenices

144 2697 215 2733 cum
237 2674 388 2754 Cytheriis
418 2679 691 2735 communicarunt.
735 2677 865 2735 Athenis
889 2697 960 2735 vero
988 2695 1056 2737 eam
1081 2679 1261 2752 religionem

143 2760 267 2816 induxit
283 2763 424 2836 Aegeus,
447 2779 542 2836 quum
555 2763 678 2818 Veneris
699 2763 743 2816 ira
765 2771 794 2816 et
813 2761 869 2816 sibi
889 2763 1007 2837 prolem
1033 2780 1095 2817 non
1116 2760 1259 2835 obtigisse

145 2853 176 2900 et
190 2843 342 2901 sororibus
361 2844 567 2903 calamitatem
582 2845 753 2900 immissam
769 2853 898 2919 putaret.
943 2842 1030 2914 Quod
1044 2856 1140 2901 aetate
1158 2855 1260 2901 nostra

145 2935 246 2991 exstat
269 2924 343 2982 deae
367 2927 489 3002 signum
516 2944 556 2982 ex
577 2928 665 2984 Pario
688 2926 805 3004 lapide,
833 2925 960 2984 Phidiae
986 2948 1061 3006 opus
1084 2931 1154 2986 fnit.
1198 2927 1261 2987 Sed

30 3032 37 3075 ς
144 3008 403 3068 Athmoncnsinm
422 3007 504 3086 apud
513 3007 715 3067 Athenienses
733 3014 815 3068 curia
833 3022 887 3068 est.
931 3015 1005 3070 Eius
1020 3015 1147 3071 curiales
1162 3014 1260 3071 multo

145 3105 214 3151 ante
239 3095 388 3151 hetaeum
410 3090 621 3171 Porphyriona
645 3114 786 3172 regnasse
806 3097 922 3170 ferunt,
969 3099 1005 3153 ab
1032 3118 1142 3176 eoque,
1178 3096 1260 3177 quod

144 3177 227 3256 apud
247 3179 329 3256 ipsos
357 3187 418 3251 est,
462 3181 600 3237 coelestis
624 3183 748 3238 Veneris
782 3183 931 3258 templum
959 3181 1140 3239 dedicatum.
1198 3181 1261 3240 Sed

145 3272 176 3319 et
199 3263 258 3320 alia
283 3261 382 3319 ιιιαίία
407 3265 499 3340 longe
525 3262 643 3323 diversa
666 3266 703 3322 ab
732 3266 790 3339 iis,
839 3285 916 3344 quae
946 3270 1099 3323 communi
1128 3268 1260 3325 urbanae

144 3347 241 3424 plebis
259 3350 401 3427 opinione
421 3359 541 3425 recepta
566 3361 654 3421 sunt,
686 3370 741 3427 per
757 3351 854 3407 curias
869 3353 1028 3406 iactantur.

209 3433 283 3490 Chr.
305 3435 370 3493 XV.
415 3435 617 3509 pergentibus
640 3452 711 3490 vero
736 3433 774 3489 ad
798 3453 865 3490 eam
885 3435 1051 3510 porticum,
1075 3449 1152 3509 quae
1174 3451 1191 3486 a
1210 3434 1261 3509 pi-

144 3527 245 3575 cturae
267 3520 412 3575 varietate
428 3519 550 3574 Poecile
574 3516 698 3591 dicitur,
720 3519 886 3581 Mercurius
905 3536 1015 3574 aeneus
1042 3518 1074 3571 in
1098 3528 1261 3594 conspectu

104 3656 107 3662 ,
144 3613 207 3675 est,
236 3621 330 3680 quem
342 3602 514 3663 sorensem
538 3610 660 3659 vocant.
702 3604 800 3679 Prope
821 3613 907 3679 porta
931 3612 993 3676 est,
1026 3600 1064 3659 ad
1085 3621 1177 3680 quarn
1196 3613 1260 3660 tro-

74 3756 91 3791 ·
143 3705 256 3764 paeum
277 3685 315 3740 ab
340 3679 577 3742 Atheniensibus
601 3695 750 3760 erectum,
772 3689 809 3745 iis
831 3707 957 3765 nempe,
981 3691 1033 3767 qni
1055 3685 1260 3746 Plistarchum

181 3861 226 3917 47.
250 3856 341 3936 πατρίς
362 3860 413 3914 Va.
432 3877 491 3915 mox
508 3856 684 3936 παλαιστήνρ
719 3848 808 3918 trono.
827 3850 883 3937 him
901 3858 1106 3937 ἠκορφυρίων
1120 3864 1150 3919 δ’
1161 3863 1201 3920 ἔτι
1220 3868 1258 3921 Ρο

145 3930 196 3984 La·
719 3933 922 4003 Agb'sbhsbvn
952 3937 1017 4009 (Vn
1041 3929 1070 3995 δ’
1099 3952 1150 3987 om.
1179 3944 1206 3987 et
1230 3930 1261 3988 οί

178 4031 223 4085 43⁸
247 4023 280 4082 δὲ
304 4047 356 4086 om·
381 4031 448 4086 MN·
720 4011 795 4056 mam
814 4005 1020 4125 rsoMadiemmn
1040 4003 1144 4070 habet).
1179 3998 1210 4054 οί
1227 4011 1259 4056 'et

140 4194 150 4238 ⁴»
179 4149 224 4209 49,
257 4142 415 4235 Ἀθημαίων
435 4144 614 4233 Procoeton
642 4138 684 4207 rel
719 4088 839 4209 suffigi
860 4107 923 4207 xl.
951 4156 976 4209 1.
998 4147 1074 4214 ὅστις
1095 4151 1183 4208 ίιιιιον
1205 4156 1255 4217 Va.

143 4216 299 4287 Αθηναίοις
327 4219 504 4287 Αθμονευσιν
536 4222 606 4275 coni.
631 4221 684 4276 hs·
719 4241 781 4281 mox
794 4217 953 4296 ἐτέτραπτο
968 4222 1093 4276 MVan.
1183 4288 1186 4292 .
1333 4268 1341 4279 ,
