2872 4846
492 284 907 349 PRAEFATIO.
1229 286 1273 345 lx

131 462 360 531 bobonensium
371 482 443 530 eum
455 459 555 533 Facio
570 464 830 553 communicatas,
850 481 946 553 porro
960 458 1078 528 codicis
1090 456 1272 547 lllosquen-

131 566 177 633 sis
191 587 212 631 a
224 562 321 634 (21⁴¹.
335 562 496 633 Matthaei
515 587 598 633 anno
622 565 720 635 1777
742 566 937 657 marginibus
956 562 1102 631 editionis
1120 561 1272 628 Kulrnia-

130 688 193 736 nae
206 667 396 759 adscriptas,
424 668 507 757 quod
520 670 685 759 exemplar
696 667 840 759 possidet
853 665 1053 735 Bibliotheca
1064 663 1272 754 llresdensis,

131 772 247 841 deinde
269 776 422 861 excerpta
443 792 461 839 e
483 771 641 840 codicibus
662 770 817 839 Parisinis
839 768 1039 849 aClavierio
1060 768 1174 859 publici
1195 768 1272 835 iuris

72 912 78 921 ·
131 874 233 967 iacta,
256 874 420 943 nonnullis
442 878 539 943 etiam
558 896 577 942 e
597 876 678 943 locis
701 872 935 943 aB0issonado
958 872 1088 963 roganti
1101 868 1273 939 Siebelisio

132 981 340 1065 transmissa,
362 975 495 1066 denique
515 980 688 1069 specimina
711 977 867 1067 quaedam
888 977 1035 1065 oprimis
1057 972 1142 1042 foliis
1156 974 1273 1041 codicis

132 1080 351 1150 Monacensis.
404 1077 495 1164 Quae
507 1088 583 1150 sunt
603 1079 738 1171 reliqua,
757 1082 903 1149 nimirum
917 1080 1072 1147 lectiones
1088 1077 1275 1165 quaedame

134 1184 293 1252 codicibus
305 1182 462 1251 Vaticano
483 1192 515 1253 et
527 1185 688 1275 Angelieo
709 1186 749 1251 ab
761 1183 908 1253 Ulrdenio
930 1188 1105 1270 excerptae
1125 1188 1157 1249 et
1176 1180 1275 1247 exili-

133 1288 192 1355 bus
209 1308 252 1355 ex
268 1284 385 1353 codicis
397 1284 683 1377 Heidelbergcnsis
697 1287 858 1355 cuiusdam
871 1285 1060 1376 fragmentis
1074 1305 1095 1350 a
1108 1282 1274 1352 Creuzero

134 1390 384 1459 communicatae
403 1388 446 1455 ad
460 1389 678 1459 exornandam
691 1391 862 1460 editionem
875 1387 961 1456 lraud
976 1387 1109 1455 mullum
1121 1387 1275 1475 prodesse

134 1497 318 1585 potuerunt.
369 1491 437 1559 lam
458 1493 541 1582 quod
559 1497 674 1563 attinet
693 1494 735 1561 ad
748 1493 873 1563 codices
886 1490 1151 1560 vindobonenses
1164 1510 1277 1559 eorum

133 1596 220 1665 alter
240 1594 302 1663 dici
321 1616 386 1663 non
398 1602 506 1686 potest
519 1605 636 1686 quanta
648 1600 769 1666 incuria
782 1600 823 1666 sit
836 1596 992 1683 collatus,
1018 1594 1051 1659 in
1063 1590 1274 1661 Messeniacis

135 1698 217 1768 adeo
230 1700 326 1790 plane
343 1698 430 1788 silet,
456 1706 540 1768 teste
553 1697 677 1771 Siebel.
690 1700 734 1793 ll,
751 1724 784 1793 p.
797 1700 840 1767 V.
860 1694 916 1790 ὓς
942 1697 1027 1765 alter
1045 1716 1125 1765 vero
1145 1699 1201 1765 rix
1223 1702 1274 1767 est

135 1804 309 1893 inspectus.
358 1800 465 1872 lllulto
494 1806 704 1894 copiosiorem
728 1824 866 1872 messem
884 1800 1030 1891 praebuit
1050 1798 1153 1867 codex
1174 1800 1273 1869 lllos·

110 1907 115 1914 '
136 1907 263 1995 quensis
284 1903 471 1995 diligentius
493 1906 618 1995 quidem
637 1929 730 1996 quam
747 1903 1108 1977 anteaneedumtamen
1120 1907 1200 1972 satis
1212 1926 1273 1971 aa·

135 2014 247 2076 curate
261 2028 428 2075 excussus.
479 2008 572 2077 Haec
593 2010 803 2080 subsidiorum
824 2009 952 2079 exilitas
970 2004 1108 2075 solidam
1126 2013 1159 2075 et
1176 2008 1273 2076 firmis

135 2111 348 2179 fundamentis
363 2117 559 2180 exstructam
572 2135 666 2203 quam
677 2114 784 2183 dieunt
798 2118 966 2182 contextus
978 2110 1198 2177 recensionem
1210 2131 1276 2178 non

134 2216 294 2305 permisit,
321 2219 355 2281 at
376 2217 540 2286 enimvero
561 2216 724 2286 indefesso
745 2217 851 2286 studio
873 2222 906 2284 et
922 2211 1098 2282 incredibili
1109 2212 1277 2305 diligentia

136 2337 317 2408 magnoque
336 2318 456 2408 ingenii
475 2322 620 2389 acumine
639 2320 673 2387 id
686 2325 853 2389 assecutus
869 2324 921 2386 est
933 2313 1122 2389 Siebelisius
1133 2324 1170 2385 ut
1181 2337 1278 2385 nemo

136 2418 232 2489 facile
246 2440 286 2488 eo
299 2422 412 2488 melius
428 2420 468 2489 dc
481 2421 645 2492 Pausania
656 2432 768 2494 nostro
781 2422 913 2492 meritus
927 2420 1061 2489 dicatur.
1099 2418 1180 2489 Eius
1195 2420 1280 2487 enim

135 2524 365 2591 commentario
392 2543 457 2592 non
478 2527 506 2593 is
525 2532 648 2596 tantum
668 2534 818 2615 tanquam
838 2520 1084 2592 armamentario
1105 2522 1152 2588 uti
1173 2524 1281 2610 potest

136 2622 259 2713 'quires
276 2623 475 2695 solummodo
495 2634 529 2695 et
547 2634 771 2719 argumentum
785 2630 933 2716 spectat3
957 2620 1016 2691 sed
1029 2622 1125 2689 etiam
1139 2624 1191 2712 qui
1203 2644 1281 2690 ser·

138 2728 225 2797 moni
237 2725 429 2816 expoliendo
444 2750 520 2797 suas
531 2731 684 2822 impendit
696 2752 802 2799 curas.
852 2727 939 2798 Nam
954 2730 1084 2817 praeter
1097 2726 1280 2793 innumeros

137 2830 228 2897 locos
244 2828 283 2893 ab
296 2828 420 2897 editore
433 2832 503 2919 ipso
515 2851 557 2899 ex
568 2836 699 2923 ingenio
711 2832 848 2902 feliciter
857 2829 1044 2899 emendatos
1055 2831 1194 2897 maxima
1204 2828 1282 2896 dili-

139 2931 253 3023 gentia
274 2949 356 3017 quae
374 2932 413 2996 ab
435 2921 508 2997 aliis
523 2934 564 3000 ad
580 2936 821 3005 emaculandum
832 2933 1015 3003 Pausaniae
1030 2940 1214 3004 contextum
1227 2934 1282 3000 in-

139 3040 236 3101 venta
250 3039 343 3100 erant
357 3040 516 3123 congesta
528 3041 754 3108 commentario
769 3060 828 3106 suo
842 3038 1003 3128 exposuit.
1057 3036 1145 3123 Quas
1159 3037 1283 3126 quidem

140 3136 233 3204 huius
257 3135 404 3203 cilitionis
426 3137 539 3204 laudes
560 3138 712 3207 hocloco
733 3162 797 3208 non
816 3138 1004 3228 praedicare
1025 3160 1090 3207 non
1112 3142 1283 3233 potuimus,

143 3261 236 3327 quum
250 3238 322 3329 quid
342 3241 371 3305 ei
392 3238 575 3331 debeamus,
602 3242 716 3329 quanti.
723 3242 843 3308 laboris
856 3238 946 3306 nobis
960 3242 1178 3330 compendium
1190 3243 1284 3311 lece-

143 3342 184 3408 rit
199 3344 227 3407 si
246 3345 382 3408 reticere
396 3343 531 3412 velimus
544 3344 640 3410 animi
653 3342 739 3411 l'oret
751 3344 872 3431 ingrati
883 3339 1124 3430 hominibusque
1136 3346 1284 3437 ingenuis

142 3443 287 3534 indigni,
326 3443 420 3533 idque
452 3467 492 3514 eo
526 3444 659 3515 iacimus
686 3447 845 3515 lubentius
871 3444 1018 3532 quoniam
1042 3445 1145 3511 virum
1168 3448 1286 3515 mode-

142 3546 317 3614 stissimum
335 3548 374 3614 ab
395 3549 467 3615 aliis
489 3550 593 3638 inique
606 3556 789 3640 tractatum,
813 3549 990 3635 bonamque
1002 3546 1107 3614 laudis
1119 3552 1288 3638 partemci

142 3655 359 3739 praereptam,
384 3672 449 3719 non
471 3673 545 3721 raro
564 3656 598 3720 in
619 3654 716 3722 alium
736 3652 929 3722 translatam
947 3648 1103 3719 videmus.
1155 3648 1289 3742 Siquid

142 3757 195 3821 est
218 3751 303 3841 quod
326 3753 566 3849 reprehendas,
593 3758 627 3825 in
650 3778 689 3828 eo
710 3760 881 3847 versatur,
913 3751 997 3843 quod
1018 3755 1068 3823 vir
1087 3752 1288 3826 doctissimus

143 3958 353 3973 ’.ι-ιιι.-

215 4086 245 4153 a)
262 4086 323 4139 Non
339 4086 419 4209 plane
435 4086 512 4157 silet,
535 4089 645 4173 legimus
664 4092 734 4145 enim
751 4111 780 4146 v.
799 4112 827 4162 g.
844 4092 879 4145 ad
891 4092 940 4159 IV,
958 4096 982 4161 1,
999 4094 1027 4147 2.
1046 4090 1137 4161 „spera
1152 4076 1201 4163 pro
1217 4097 1291 4179 apsis

160 4152 179 4170 ⁷·
235 4157 266 4190 ,u

145 4153 248 4276 ppp,
284 4158 398 4279 {Susam
412 4244 460 4279 cur
476 4227 499 4281 is
517 4228 563 4297 qui
580 4230 691 4284 contulit
707 4231 824 4285 codicem
838 4230 987 4299 neglexerit
998 4231 1148 4287 blessanica
1165 4250 1213 4285 nos
1229 4234 1290 4305 qui-

145 4292 204 4347 dem
221 4312 274 4348 non
286 4296 469 4367 perspicimus.

358 4157 399 4225 V,
419 4160 450 4229 1,
467 4160 495 4211 5.
518 4160 620 4227 „Vrnd
639 4157 745 4227 δόμους
760 4156 884 4215 κέλευθά
901 4162 973 4225 τε;“
998 4181 1057 4231 cap.
1074 4166 1108 4230 4,
1126 4164 1153 4219 4.
1172 4163 1291 4229 ‚diolco
