<?xml version="1.0" encoding="UTF-8"?>
<!DOCTYPE html PUBLIC "-//W3C//DTD XHTML 1.0 Transitional//EN"
    "http://www.w3.org/TR/xhtml1/DTD/xhtml1-transitional.dtd">
<html xmlns="http://www.w3.org/1999/xhtml" xml:lang="en" lang="en">
 <head>
  <title>
</title>
<meta http-equiv="Content-Type" content="text/html;charset=utf-8" />
  <meta name='ocr-system' content='tesseract 3.04.00' />
  <meta name='ocr-capabilities' content='ocr_page ocr_carea ocr_par ocr_line ocrx_word'/>
</head>
<body>
  <div class='ocr_page' id='page_1' title='image "./pausaniaedescri01pausgoog_0837.png"; bbox 0 0 2872 4846; ppageno 0'>
   <div class='ocr_carea' id='block_1_1' title="bbox 224 245 928 318">
    <p class='ocr_par' dir='ltr' id='par_1_1' title="bbox 224 245 928 318">
     <span class='ocr_line' id='line_1_1' title="bbox 224 245 928 318; baseline -0.011 0"><span class='ocrx_word' id='word_1_1' title='bbox 224 253 290 318; x_wconf 77' lang='lat' dir='ltr'><strong>tta</strong></span> <span class='ocrx_word' id='word_1_2' title='bbox 630 245 928 311; x_wconf 76' lang='lat' dir='ltr'><strong>AAKttNtKA</strong></span> 
     </span>
    </p>
   </div>
   <div class='ocr_carea' id='block_1_2' title="bbox 120 411 1410 1850">
    <p class='ocr_par' dir='ltr' id='par_1_2' title="bbox 120 411 1410 1850">
     <span class='ocr_line' id='line_1_2' title="bbox 228 411 1344 513; baseline -0.003 -21"><span class='ocrx_word' id='word_1_3' title='bbox 228 424 311 493; x_wconf 62' lang='lat' dir='ltr'><strong>torm</strong></span> <span class='ocrx_word' id='word_1_4' title='bbox 338 445 391 506; x_wconf 82' lang='grc' dir='ltr'><strong>τις</strong></span> <span class='ocrx_word' id='word_1_5' title='bbox 414 419 451 507; x_wconf 78' lang='grc' dir='ltr'><strong>ἐς</strong></span> <span class='ocrx_word' id='word_1_6' title='bbox 476 414 643 512; x_wconf 84' lang='grc' dir='ltr'><strong><em>Σπάρτην</em></strong></span> <span class='ocrx_word' id='word_1_7' title='bbox 675 420 733 490; x_wconf 83' lang='grc' dir='ltr'><strong>καί</strong></span> <span class='ocrx_word' id='word_1_8' title='bbox 760 411 829 513; x_wconf 75' lang='grc' dir='ltr'><strong>οὐχ</strong></span> <span class='ocrx_word' id='word_1_9' title='bbox 852 412 984 508; x_wconf 77' lang='grc' dir='ltr'><strong><em>ὁμοίως</em></strong></span> <span class='ocrx_word' id='word_1_10' title='bbox 997 425 1074 502; x_wconf 73' lang='grc' dir='ltr'><strong><em>τοῖς</em></strong></span> <span class='ocrx_word' id='word_1_11' title='bbox 1089 419 1344 511; x_wconf 75' lang='grc' dir='ltr'><strong>προλεχθεῖσιν</strong></span> 
     </span>
     <span class='ocr_line' id='line_1_3' title="bbox 192 513 1344 616; baseline 0 -24"><span class='ocrx_word' id='word_1_12' title='bbox 192 537 211 592; x_wconf 86' lang='grc'>8</span> <span class='ocrx_word' id='word_1_13' title='bbox 228 548 462 613; x_wconf 85' lang='grc' dir='ltr'><strong><em>αυτονομους</em></strong></span> <span class='ocrx_word' id='word_1_14' title='bbox 515 526 571 616; x_wconf 83' lang='lat' dir='ltr'><strong>(t)</strong></span> <span class='ocrx_word' id='word_1_15' title='bbox 599 520 824 595; x_wconf 55' lang='grc' dir='ltr'><strong>Ιίυθεόιιαι27</strong></span> <span class='ocrx_word' id='word_1_16' title='bbox 845 521 882 594; x_wconf 74' lang='grc' dir='ltr'><strong>δὲ</strong></span> <span class='ocrx_word' id='word_1_17' title='bbox 901 525 964 614; x_wconf 84' lang='grc' dir='ltr'><strong>της</strong></span> <span class='ocrx_word' id='word_1_18' title='bbox 978 513 1113 606; x_wconf 69' lang='grc' dir='ltr'><strong><em>πόλεως</em></strong></span> <span class='ocrx_word' id='word_1_19' title='bbox 1135 514 1344 614; x_wconf 79' lang='grc' dir='ltr'><strong><em>ἀνθρώπων</em></strong></span> 
     </span>
     <span class='ocr_line' id='line_1_4' title="bbox 226 618 1343 750; baseline -0.003 -53"><span class='ocrx_word' id='word_1_20' title='bbox 226 627 288 718; x_wconf 67' lang='grc' dir='ltr'><strong>μὲν</strong></span> <span class='ocrx_word' id='word_1_21' title='bbox 308 619 440 697; x_wconf 76' lang='grc' dir='ltr'><strong><em>οὐθένα</em></strong></span> <span class='ocrx_word' id='word_1_22' title='bbox 452 619 626 750; x_wconf 41' lang='grc' dir='ltr'><strong><em>Μοίκιστην</em></strong></span> <span class='ocrx_word' id='word_1_23' title='bbox 633 627 795 720; x_wconf 75' lang='grc' dir='ltr'><strong><em>γενέσθαι</em></strong></span> <span class='ocrx_word' id='word_1_24' title='bbox 817 625 997 718; x_wconf 73' lang='grc' dir='ltr'><strong><em>λέγουσιν,</em></strong></span> <span class='ocrx_word' id='word_1_25' title='bbox 1023 618 1194 711; x_wconf 76' lang='grc' dir='ltr'><strong><em>Ηρακλέα</em></strong></span> <span class='ocrx_word' id='word_1_26' title='bbox 1217 623 1259 695; x_wconf 71' lang='grc' dir='ltr'><strong>δὲ</strong></span> <span class='ocrx_word' id='word_1_27' title='bbox 1279 625 1343 694; x_wconf 84' lang='grc' dir='ltr'><strong>καί</strong></span> 
     </span>
     <span class='ocr_line' id='line_1_5' title="bbox 221 719 1343 852; baseline -0.004 -49.978"><span class='ocrx_word' id='word_1_28' title='bbox 221 721 416 802; x_wconf 85' lang='grc' dir='ltr'><strong><em>Ἀπόλλωνα</em></strong></span> <span class='ocrx_word' id='word_1_29' title='bbox 440 723 530 823; x_wconf 73' lang='grc' dir='ltr'><strong><em>ὑπὲρ</em></strong></span> <span class='ocrx_word' id='word_1_30' title='bbox 559 732 627 852; x_wconf 81' lang='grc' dir='ltr'><strong>τρῠ</strong></span> <span class='ocrx_word' id='word_1_31' title='bbox 653 731 825 821; x_wconf 75' lang='grc' dir='ltr'><strong><em>τρίποδος</em></strong></span> <span class='ocrx_word' id='word_1_32' title='bbox 855 719 935 812; x_wconf 79' lang='grc' dir='ltr'><strong>ἐς’</strong></span> <span class='ocrx_word' id='word_1_33' title='bbox 915 730 1031 819; x_wconf 80' lang='grc' dir='ltr'><strong><em>αγῶνα</em></strong></span> <span class='ocrx_word' id='word_1_34' title='bbox 1053 720 1246 815; x_wconf 78' lang='grc' dir='ltr'><strong><em>ἐλθόντας,</em></strong></span> <span class='ocrx_word' id='word_1_35' title='bbox 1290 722 1343 814; x_wconf 85' lang='lat'><strong>69</strong></span> 
     </span>
     <span class='ocr_line' id='line_1_6' title="bbox 227 823 1410 955; baseline -0.003 -51"><span class='ocrx_word' id='word_1_36' title='bbox 227 825 474 955; x_wconf 74' lang='grc' dir='ltr'><strong>διηλλάγησαν,</strong></span> <span class='ocrx_word' id='word_1_37' title='bbox 510 824 677 926; x_wconf 71' lang='grc' dir='ltr'><strong><em>μεταίτην</em></strong></span> <span class='ocrx_word' id='word_1_38' title='bbox 700 833 772 922; x_wconf 77' lang='grc' dir='ltr'><strong><em>ἔριν</em></strong></span> <span class='ocrx_word' id='word_1_39' title='bbox 792 832 921 901; x_wconf 77' lang='grc' dir='ltr'><strong><em>οἰκίσαι</em></strong></span> <span class='ocrx_word' id='word_1_40' title='bbox 934 826 972 873; x_wconf 76' lang='lat'><strong>²³</strong></span> <span class='ocrx_word' id='word_1_41' title='bbox 1001 833 1102 921; x_wconf 75' lang='grc' dir='ltr'><strong><em>κοινῇ</em></strong></span> <span class='ocrx_word' id='word_1_42' title='bbox 1125 824 1189 923; x_wconf 79' lang='grc' dir='ltr'><strong>την</strong></span> <span class='ocrx_word' id='word_1_43' title='bbox 1210 823 1339 901; x_wconf 88' lang='grc' dir='ltr'><strong><em>πόλιν·</em></strong></span> <span class='ocrx_word' id='word_1_44' title='bbox 1407 836 1410 841; x_wconf 88' lang='grc'><strong>’</strong></span> 
     </span>
     <span class='ocr_line' id='line_1_7' title="bbox 229 926 1341 1029; baseline -0.001 -24"><span class='ocrx_word' id='word_1_45' title='bbox 229 937 288 1006; x_wconf 85' lang='grc' dir='ltr'><strong>καί</strong></span> <span class='ocrx_word' id='word_1_46' title='bbox 307 937 344 1006; x_wconf 73' lang='grc' dir='ltr'><strong>ἐν</strong></span> <span class='ocrx_word' id='word_1_47' title='bbox 366 944 410 1028; x_wconf 81' lang='grc' dir='ltr'><strong>τῇ</strong></span> <span class='ocrx_word' id='word_1_48' title='bbox 432 927 543 1029; x_wconf 78' lang='grc' dir='ltr'><strong><em>αἠορα</em></strong></span> <span class='ocrx_word' id='word_1_49' title='bbox 528 937 683 1028; x_wconf 81' lang='grc' dir='ltr'><strong><em>σφίσιν</em></strong></span> <span class='ocrx_word' id='word_1_50' title='bbox 699 926 912 1018; x_wconf 77' lang='grc' dir='ltr'><strong><em>’Λπόλλωνος</em></strong></span> <span class='ocrx_word' id='word_1_51' title='bbox 931 931 990 1001; x_wconf 85' lang='grc' dir='ltr'><strong>καί</strong></span> <span class='ocrx_word' id='word_1_52' title='bbox 1007 927 1222 1025; x_wconf 80' lang='grc' dir='ltr'><strong><em>Ηρακλέους</em></strong></span> <span class='ocrx_word' id='word_1_53' title='bbox 1244 934 1341 1004; x_wconf 78' lang='grc' dir='ltr'><strong><em>ἐστὶν</em></strong></span> 
     </span>
     <span class='ocr_line' id='line_1_8' title="bbox 185 1029 1339 1131; baseline -0.003 -22"><span class='ocrx_word' id='word_1_54' title='bbox 185 1122 188 1127; x_wconf 9' lang='lat' dir='ltr'><strong>p</strong></span> <span class='ocrx_word' id='word_1_55' title='bbox 231 1030 417 1131; x_wconf 76' lang='grc' dir='ltr'><strong><em>άγάληιατα,</em></strong></span> <span class='ocrx_word' id='word_1_56' title='bbox 430 1041 577 1130; x_wconf 77' lang='grc' dir='ltr'><strong><em>πλησίον</em></strong></span> <span class='ocrx_word' id='word_1_57' title='bbox 590 1029 688 1106; x_wconf 74' lang='grc' dir='ltr'><strong>δὲ’</strong></span> <span class='ocrx_word' id='word_1_58' title='bbox 643 1042 760 1108; x_wconf 81' lang='grc' dir='ltr'><strong><em>αυτῶν</em></strong></span> <span class='ocrx_word' id='word_1_59' title='bbox 776 1029 966 1119; x_wconf 84' lang='grc' dir='ltr'><strong><em>Διόνυσος.</em></strong></span> <span class='ocrx_word' id='word_1_60' title='bbox 1008 1035 1153 1128; x_wconf 71' lang='grc' dir='ltr'><strong><em>ἑτέρωθι</em></strong></span> <span class='ocrx_word' id='word_1_61' title='bbox 1169 1029 1230 1105; x_wconf 73' lang='grc' dir='ltr'><strong>δὲ’</strong></span> <span class='ocrx_word' id='word_1_62' title='bbox 1223 1030 1339 1106; x_wconf 78' lang='grc' dir='ltr'><strong><em>Απόλ</em></strong></span> 
     </span>
     <span class='ocr_line' id='line_1_9' title="bbox 120 1130 1340 1263; baseline -0.003 -51"><span class='ocrx_word' id='word_1_63' title='bbox 120 1146 128 1159; x_wconf 87' lang='grc'><strong><em>’</em></strong></span> <span class='ocrx_word' id='word_1_64' title='bbox 231 1145 302 1212; x_wconf 87' lang='grc' dir='ltr'><strong>λων</strong></span> <span class='ocrx_word' id='word_1_65' title='bbox 328 1137 534 1233; x_wconf 71' lang='grc' dir='ltr'><strong>Καρνίας29</strong></span> <span class='ocrx_word' id='word_1_66' title='bbox 565 1139 663 1208; x_wconf 87' lang='grc' dir='ltr'><strong>καί</strong></span> <span class='ocrx_word' id='word_1_67' title='bbox 647 1132 742 1263; x_wconf 80' lang='grc' dir='ltr'><strong><em>ιερόν</em></strong></span> <span class='ocrx_word' id='word_1_68' title='bbox 753 1134 935 1262; x_wconf 76' lang='grc' dir='ltr'><strong><em>Αρμωνος</em></strong></span> <span class='ocrx_word' id='word_1_69' title='bbox 953 1138 1011 1207; x_wconf 88' lang='grc' dir='ltr'><strong>καί</strong></span> <span class='ocrx_word' id='word_1_70' title='bbox 1031 1130 1236 1231; x_wconf 80' lang='grc' dir='ltr'><strong><em>Ἀσκληπιοῦ</em></strong></span> <span class='ocrx_word' id='word_1_71' title='bbox 1258 1144 1340 1233; x_wconf 78' lang='grc' dir='ltr'><strong>χαλ</strong></span> 
     </span>
     <span class='ocr_line' id='line_1_10' title="bbox 232 1233 1341 1337; baseline -0.003 -23"><span class='ocrx_word' id='word_1_72' title='bbox 232 1245 324 1315; x_wconf 83' lang='grc' dir='ltr'><strong><em>νοῦν</em></strong></span> <span class='ocrx_word' id='word_1_73' title='bbox 341 1236 511 1336; x_wconf 78' lang='grc' dir='ltr'><strong><em>άγαλμάέ</em></strong></span> <span class='ocrx_word' id='word_1_74' title='bbox 513 1255 606 1329; x_wconf 89' lang='grc' dir='ltr'><strong><em>στιν,</em></strong></span> <span class='ocrx_word' id='word_1_75' title='bbox 648 1233 717 1312; x_wconf 82' lang='grc' dir='ltr'><strong>οὐκ</strong></span> <span class='ocrx_word' id='word_1_76' title='bbox 744 1233 935 1326; x_wconf 76' lang='grc' dir='ltr'><strong><em>ἐπόντος’</em></strong></span> <span class='ocrx_word' id='word_1_77' title='bbox 916 1233 1061 1333; x_wconf 75' lang='lat' dir='ltr'>op6tpcv</span> <span class='ocrx_word' id='word_1_78' title='bbox 1085 1244 1134 1311; x_wconf 69' lang='lat' dir='ltr'><strong>vet</strong></span> <span class='ocrx_word' id='word_1_79' title='bbox 1154 1245 1249 1337; x_wconf 75' lang='grc' dir='ltr'><strong><em>ναῶ,</em></strong></span> <span class='ocrx_word' id='word_1_80' title='bbox 1282 1243 1341 1311; x_wconf 81' lang='grc' dir='ltr'><strong>καὶ</strong></span> 
     </span>
     <span class='ocr_line' id='line_1_11' title="bbox 231 1336 1341 1439; baseline -0.001 -23"><span class='ocrx_word' id='word_1_81' title='bbox 231 1338 322 1439; x_wconf 73' lang='grc' dir='ltr'><strong><em>πηγὴ</em></strong></span> <span class='ocrx_word' id='word_1_82' title='bbox 339 1370 406 1415; x_wconf 85' lang='grc' dir='ltr'><strong>του</strong></span> <span class='ocrx_word' id='word_1_83' title='bbox 391 1347 513 1415; x_wconf 83' lang='grc' dir='ltr'><strong><em>θεοῦ</em></strong></span> <span class='ocrx_word' id='word_1_84' title='bbox 529 1369 587 1414; x_wconf 92' lang='grc' dir='ltr'><strong>και</strong></span> <span class='ocrx_word' id='word_1_85' title='bbox 576 1338 828 1439; x_wconf 75' lang='grc' dir='ltr'><strong><em>’Λημητρος’</em></strong></span> <span class='ocrx_word' id='word_1_86' title='bbox 812 1336 907 1438; x_wconf 82' lang='grc' dir='ltr'><strong><em>ιερὸν</em></strong></span> <span class='ocrx_word' id='word_1_87' title='bbox 922 1336 1020 1436; x_wconf 81' lang='grc' dir='ltr'><strong><em>άγιον</em></strong></span> <span class='ocrx_word' id='word_1_88' title='bbox 1039 1344 1096 1413; x_wconf 80' lang='grc' dir='ltr'><strong>καί</strong></span> <span class='ocrx_word' id='word_1_89' title='bbox 1111 1348 1341 1431; x_wconf 76' lang='grc' dir='ltr'><strong><em>Ποσειδῶνος</em></strong></span> 
     </span>
     <span class='ocr_line' id='line_1_12' title="bbox 196 1439 1342 1541; baseline -0.001 -22"><span class='ocrx_word' id='word_1_90' title='bbox 196 1441 367 1541; x_wconf 74' lang='grc' dir='ltr'><strong><em>θάγαλμα</em></strong></span> <span class='ocrx_word' id='word_1_91' title='bbox 389 1440 579 1540; x_wconf 84' lang='grc' dir='ltr'><strong><em>Γαιαόχου.</em></strong></span> <span class='ocrx_word' id='word_1_92' title='bbox 593 1444 630 1492; x_wconf 81' lang='lat'><strong>³⁰</strong></span> <span class='ocrx_word' id='word_1_93' title='bbox 690 1450 747 1540; x_wconf 89' lang='lat'><strong>(8)</strong></span> <span class='ocrx_word' id='word_1_94' title='bbox 765 1440 831 1518; x_wconf 82' lang='grc' dir='ltr'><strong>Ὃν</strong></span> <span class='ocrx_word' id='word_1_95' title='bbox 862 1445 900 1517; x_wconf 75' lang='grc' dir='ltr'><strong>δὲ</strong></span> <span class='ocrx_word' id='word_1_96' title='bbox 926 1439 1138 1536; x_wconf 78' lang='grc' dir='ltr'><strong><em>ὀνομάζουσι</em></strong></span> <span class='ocrx_word' id='word_1_97' title='bbox 1158 1451 1342 1518; x_wconf 64' lang='lat' dir='ltr'><strong>[metm</strong></span> 
     </span>
     <span class='ocr_line' id='line_1_13' title="bbox 230 1542 1342 1644; baseline -0.004 -21"><span class='ocrx_word' id='word_1_98' title='bbox 230 1551 404 1644; x_wconf 78' lang='grc' dir='ltr'><strong><em>Γέροντα,</em></strong></span> <span class='ocrx_word' id='word_1_99' title='bbox 437 1553 544 1620; x_wconf 77' lang='grc' dir='ltr'><strong><em>οἰκεῖν</em></strong></span> <span class='ocrx_word' id='word_1_100' title='bbox 561 1551 597 1620; x_wconf 78' lang='grc' dir='ltr'><strong>ἐν</strong></span> <span class='ocrx_word' id='word_1_101' title='bbox 614 1544 776 1642; x_wconf 77' lang='grc' dir='ltr'><strong><em>θαλάσσῃ</em></strong></span> <span class='ocrx_word' id='word_1_102' title='bbox 801 1542 967 1644; x_wconf 76' lang='grc' dir='ltr'><strong><em>φάμενοι,</em></strong></span> <span class='ocrx_word' id='word_1_103' title='bbox 994 1543 1157 1644; x_wconf 78' lang='grc' dir='ltr'><strong><em>Νηρέα”</em></strong></span> <span class='ocrx_word' id='word_1_104' title='bbox 1135 1576 1220 1621; x_wconf 87' lang='grc' dir='ltr'><strong><em>οντα</em></strong></span> <span class='ocrx_word' id='word_1_105' title='bbox 1246 1542 1342 1641; x_wconf 73' lang='grc' dir='ltr'><strong><em>εὕρι-</em></strong></span> 
     </span>
     <span class='ocr_line' id='line_1_14' title="bbox 232 1644 1342 1749; baseline 0 -24"><span class='ocrx_word' id='word_1_106' title='bbox 232 1668 334 1725; x_wconf 90' lang='grc' dir='ltr'><strong><em>σκον·</em></strong></span> <span class='ocrx_word' id='word_1_107' title='bbox 380 1654 439 1722; x_wconf 92' lang='grc' dir='ltr'><strong>καί</strong></span> <span class='ocrx_word' id='word_1_108' title='bbox 468 1665 570 1743; x_wconf 83' lang='grc' dir='ltr'><strong><em>σφισι</em></strong></span> <span class='ocrx_word' id='word_1_109' title='bbox 591 1655 659 1722; x_wconf 83' lang='grc' dir='ltr'><strong>τοῦ</strong></span> <span class='ocrx_word' id='word_1_110' title='bbox 683 1645 858 1742; x_wconf 84' lang='grc' dir='ltr'><strong><em>ὀνόματος</em></strong></span> <span class='ocrx_word' id='word_1_111' title='bbox 883 1645 1017 1722; x_wconf 85' lang='grc' dir='ltr'><strong><em>τούτου</em></strong></span> <span class='ocrx_word' id='word_1_112' title='bbox 1040 1644 1208 1748; x_wconf 81' lang='grc' dir='ltr'><strong><em>παρέσχεν</em></strong></span> <span class='ocrx_word' id='word_1_113' title='bbox 1231 1646 1342 1749; x_wconf 75' lang='grc' dir='ltr'><strong><em>ἀρχὴν</em></strong></span> 
     </span>
     <span class='ocr_line' id='line_1_15' title="bbox 224 1746 959 1850; baseline -0.004 -22.94"><span class='ocrx_word' id='word_1_114' title='bbox 224 1750 383 1850; x_wconf 82' lang='grc' dir='ltr'><strong><em>Ὅμηρος</em></strong></span> <span class='ocrx_word' id='word_1_115' title='bbox 404 1756 440 1825; x_wconf 79' lang='grc' dir='ltr'><strong>ἐν</strong></span> <span class='ocrx_word' id='word_1_116' title='bbox 458 1746 576 1824; x_wconf 74' lang='grc' dir='ltr'><strong><em>Ἰλιάδι</em></strong></span> <span class='ocrx_word' id='word_1_117' title='bbox 595 1755 631 1824; x_wconf 78' lang='grc' dir='ltr'><strong>ἐν</strong></span> <span class='ocrx_word' id='word_1_118' title='bbox 655 1757 800 1841; x_wconf 74' lang='grc' dir='ltr'><strong><em>Θέτιδος</em></strong></span> <span class='ocrx_word' id='word_1_119' title='bbox 823 1748 959 1848; x_wconf 74' lang='grc' dir='ltr'><strong><em>λόγοις·</em></strong></span> 
     </span>
    </p>
   </div>
   <div class='ocr_carea' id='block_1_3' title="bbox 277 1865 1330 2072">
    <p class='ocr_par' dir='ltr' id='par_1_3' title="bbox 277 1865 1330 2072">
     <span class='ocr_line' id='line_1_16' title="bbox 277 1865 1330 1967; baseline 0 -22"><span class='ocrx_word' id='word_1_120' title='bbox 277 1871 396 1966; x_wconf 62' lang='grc' dir='ltr'><strong>’Ἰλιεῖς</strong></span> <span class='ocrx_word' id='word_1_121' title='bbox 418 1873 480 1965; x_wconf 66' lang='grc' dir='ltr'><strong>μὲν</strong></span> <span class='ocrx_word' id='word_1_122' title='bbox 502 1900 572 1944; x_wconf 93' lang='grc' dir='ltr'><strong>νυν</strong></span> <span class='ocrx_word' id='word_1_123' title='bbox 581 1871 615 1919; x_wconf 77' lang='lat'><strong>³¹</strong></span> <span class='ocrx_word' id='word_1_124' title='bbox 635 1877 719 1944; x_wconf 80' lang='lat' dir='ltr'>d6te</span> <span class='ocrx_word' id='word_1_125' title='bbox 739 1867 921 1967; x_wconf 79' lang='grc' dir='ltr'><strong><em>θαλάσσης</em></strong></span> <span class='ocrx_word' id='word_1_126' title='bbox 943 1865 1046 1966; x_wconf 75' lang='grc' dir='ltr'><strong><em>εὐρέα</em></strong></span> <span class='ocrx_word' id='word_1_127' title='bbox 1065 1867 1211 1963; x_wconf 84' lang='grc' dir='ltr'><strong><em>κόλπον,</em></strong></span> <span class='ocrx_word' id='word_1_128' title='bbox 1323 1886 1330 1897; x_wconf 86' lang='grc'><strong><em>’</em></strong></span> 
     </span>
     <span class='ocr_line' id='line_1_17' title="bbox 279 1967 1236 2072; baseline -0.001 -25"><span class='ocrx_word' id='word_1_129' title='bbox 279 1971 470 2070; x_wconf 75' lang='grc' dir='ltr'><strong><em>Ὀφόμεναί</em></strong></span> <span class='ocrx_word' id='word_1_130' title='bbox 494 2001 531 2046; x_wconf 81' lang='grc' dir='ltr'><strong>τε</strong></span> <span class='ocrx_word' id='word_1_131' title='bbox 559 1967 698 2072; x_wconf 70' lang='grc' dir='ltr'><strong><em>γέρονθ’</em></strong></span> <span class='ocrx_word' id='word_1_132' title='bbox 722 1969 821 2048; x_wconf 79' lang='grc' dir='ltr'><strong><em>ἅλιον</em></strong></span> <span class='ocrx_word' id='word_1_133' title='bbox 848 1977 906 2046; x_wconf 87' lang='grc' dir='ltr'><strong>καί</strong></span> <span class='ocrx_word' id='word_1_134' title='bbox 925 1969 1068 2065; x_wconf 79' lang='grc' dir='ltr'><strong><em>δόματα</em></strong></span> <span class='ocrx_word' id='word_1_135' title='bbox 1093 1971 1236 2072; x_wconf 89' lang='grc' dir='ltr'><strong><em>πατρός.</em></strong></span> 
     </span>
    </p>
   </div>
   <div class='ocr_carea' id='block_1_4' title="bbox 209 2197 1347 3387">
    <p class='ocr_par' dir='ltr' id='par_1_4' title="bbox 233 2197 1346 2792">
     <span class='ocr_line' id='line_1_18' title="bbox 233 2197 1342 2281; baseline -0.001 -23"><span class='ocrx_word' id='word_1_136' title='bbox 233 2210 305 2259; x_wconf 82' lang='lat' dir='ltr'><strong>tana</strong></span> <span class='ocrx_word' id='word_1_137' title='bbox 320 2201 441 2259; x_wconf 88' lang='lat' dir='ltr'><strong>civitate</strong></span> <span class='ocrx_word' id='word_1_138' title='bbox 455 2204 663 2276; x_wconf 86' lang='lat' dir='ltr'><strong>continentur,</strong></span> <span class='ocrx_word' id='word_1_139' title='bbox 687 2219 825 2281; x_wconf 90' lang='lat' dir='ltr'><strong>quaeque</strong></span> <span class='ocrx_word' id='word_1_140' title='bbox 849 2217 920 2256; x_wconf 92' lang='lat' dir='ltr'><strong>cum</strong></span> <span class='ocrx_word' id='word_1_141' title='bbox 940 2216 975 2256; x_wconf 89' lang='lat' dir='ltr'><strong>ea</strong></span> <span class='ocrx_word' id='word_1_142' title='bbox 990 2210 1150 2258; x_wconf 84' lang='lat' dir='ltr'>censentur</span> <span class='ocrx_word' id='word_1_143' title='bbox 1165 2218 1267 2278; x_wconf 89' lang='lat' dir='ltr'><strong>neque</strong></span> <span class='ocrx_word' id='word_1_144' title='bbox 1280 2197 1342 2257; x_wconf 84' lang='lat' dir='ltr'><strong>suis</strong></span> 
     </span>
     <span class='ocr_line' id='line_1_19' title="bbox 233 2282 1345 2367; baseline -0.004 -22"><span class='ocrx_word' id='word_1_145' title='bbox 233 2287 352 2365; x_wconf 83' lang='lat' dir='ltr'><strong>legibus</strong></span> <span class='ocrx_word' id='word_1_146' title='bbox 374 2297 516 2364; x_wconf 89' lang='lat' dir='ltr'><strong>utuntur,</strong></span> <span class='ocrx_word' id='word_1_147' title='bbox 546 2290 593 2346; x_wconf 91' lang='lat' dir='ltr'><strong>uti</strong></span> <span class='ocrx_word' id='word_1_148' title='bbox 611 2305 688 2367; x_wconf 89' lang='lat' dir='ltr'><strong>quae</strong></span> <span class='ocrx_word' id='word_1_149' title='bbox 710 2290 775 2343; x_wconf 91' lang='lat' dir='ltr'><strong>iam</strong></span> <span class='ocrx_word' id='word_1_150' title='bbox 795 2295 986 2342; x_wconf 81' lang='lat' dir='ltr'><strong>enumeratae</strong></span> <span class='ocrx_word' id='word_1_151' title='bbox 1010 2295 1090 2342; x_wconf 88' lang='lat' dir='ltr'><strong>sunt.</strong></span> <span class='ocrx_word' id='word_1_152' title='bbox 1133 2284 1182 2363; x_wconf 84' lang='lat'><strong>(7)</strong></span> <span class='ocrx_word' id='word_1_153' title='bbox 1206 2282 1345 2363; x_wconf 84' lang='lat' dir='ltr'><strong>Gythea-</strong></span> 
     </span>
     <span class='ocr_line' id='line_1_20' title="bbox 233 2369 1343 2449; baseline -0.002 -20"><span class='ocrx_word' id='word_1_154' title='bbox 233 2381 283 2429; x_wconf 89' lang='lat' dir='ltr'><strong>tae</strong></span> <span class='ocrx_word' id='word_1_155' title='bbox 301 2373 418 2429; x_wconf 90' lang='lat' dir='ltr'><strong>nemini</strong></span> <span class='ocrx_word' id='word_1_156' title='bbox 442 2375 566 2431; x_wconf 87' lang='lat' dir='ltr'><strong>omnino</strong></span> <span class='ocrx_word' id='word_1_157' title='bbox 591 2374 766 2430; x_wconf 80' lang='lat' dir='ltr'><strong>mortalium</strong></span> <span class='ocrx_word' id='word_1_158' title='bbox 792 2371 923 2448; x_wconf 84' lang='lat' dir='ltr'>origines</span> <span class='ocrx_word' id='word_1_159' title='bbox 946 2389 1016 2428; x_wconf 84' lang='lat' dir='ltr'><strong>suas</strong></span> <span class='ocrx_word' id='word_1_160' title='bbox 1037 2379 1174 2449; x_wconf 81' lang='lat' dir='ltr'><strong>acceptus</strong></span> <span class='ocrx_word' id='word_1_161' title='bbox 1196 2369 1343 2444; x_wconf 85' lang='lat' dir='ltr'><strong>referunt,</strong></span> 
     </span>
     <span class='ocr_line' id='line_1_21' title="bbox 234 2453 1345 2536; baseline -0.004 -21"><span class='ocrx_word' id='word_1_162' title='bbox 234 2454 289 2515; x_wconf 84' lang='lat' dir='ltr'><strong>sed</strong></span> <span class='ocrx_word' id='word_1_163' title='bbox 310 2457 470 2515; x_wconf 85' lang='lat' dir='ltr'><strong>Herculem</strong></span> <span class='ocrx_word' id='word_1_164' title='bbox 496 2468 526 2515; x_wconf 91' lang='lat' dir='ltr'><strong>et</strong></span> <span class='ocrx_word' id='word_1_165' title='bbox 547 2459 721 2536; x_wconf 85' lang='lat' dir='ltr'><strong>Apollinem</strong></span> <span class='ocrx_word' id='word_1_166' title='bbox 737 2465 922 2529; x_wconf 86' lang='lat' dir='ltr'><strong>memorant,</strong></span> <span class='ocrx_word' id='word_1_167' title='bbox 954 2474 1051 2534; x_wconf 91' lang='lat' dir='ltr'><strong>quum</strong></span> <span class='ocrx_word' id='word_1_168' title='bbox 1074 2456 1106 2512; x_wconf 88' lang='lat' dir='ltr'><strong>in</strong></span> <span class='ocrx_word' id='word_1_169' title='bbox 1129 2465 1284 2513; x_wconf 85' lang='lat' dir='ltr'><strong>certamen</strong></span> <span class='ocrx_word' id='word_1_170' title='bbox 1305 2453 1345 2512; x_wconf 89' lang='lat' dir='ltr'><strong>de</strong></span> 
     </span>
     <span class='ocr_line' id='line_1_22' title="bbox 233 2539 1345 2620; baseline -0.003 -20"><span class='ocrx_word' id='word_1_171' title='bbox 233 2541 352 2620; x_wconf 84' lang='lat' dir='ltr'><strong>tripode</strong></span> <span class='ocrx_word' id='word_1_172' title='bbox 370 2541 611 2617; x_wconf 84' lang='lat' dir='ltr'><strong>descendissent,</strong></span> <span class='ocrx_word' id='word_1_173' title='bbox 633 2545 697 2600; x_wconf 89' lang='lat' dir='ltr'><strong>iam</strong></span> <span class='ocrx_word' id='word_1_174' title='bbox 718 2544 772 2600; x_wconf 89' lang='lat' dir='ltr'><strong>lite</strong></span> <span class='ocrx_word' id='word_1_175' title='bbox 793 2540 922 2598; x_wconf 87' lang='lat' dir='ltr'><strong>diremta</strong></span> <span class='ocrx_word' id='word_1_176' title='bbox 947 2539 1093 2620; x_wconf 90' lang='lat' dir='ltr'><strong>oppidum</strong></span> <span class='ocrx_word' id='word_1_177' title='bbox 1116 2541 1271 2599; x_wconf 91' lang='lat' dir='ltr'><strong>communi</strong></span> <span class='ocrx_word' id='word_1_178' title='bbox 1287 2560 1345 2618; x_wconf 89' lang='lat' dir='ltr'><strong>ope</strong></span> 
     </span>
     <span class='ocr_line' id='line_1_23' title="bbox 235 2624 1345 2707; baseline -0.001 -23"><span class='ocrx_word' id='word_1_179' title='bbox 235 2637 325 2707; x_wconf 87' lang='lat' dir='ltr'><strong>atque</strong></span> <span class='ocrx_word' id='word_1_180' title='bbox 349 2629 474 2686; x_wconf 88' lang='lat' dir='ltr'><strong>consilio</strong></span> <span class='ocrx_word' id='word_1_181' title='bbox 495 2627 675 2692; x_wconf 83' lang='lat' dir='ltr'><strong>condidisse.</strong></span> <span class='ocrx_word' id='word_1_182' title='bbox 719 2630 816 2698; x_wconf 83' lang='lat' dir='ltr'><strong>Quare</strong></span> <span class='ocrx_word' id='word_1_183' title='bbox 836 2627 868 2681; x_wconf 90' lang='lat' dir='ltr'><strong>in</strong></span> <span class='ocrx_word' id='word_1_184' title='bbox 883 2626 949 2684; x_wconf 91' lang='lat' dir='ltr'><strong>foro</strong></span> <span class='ocrx_word' id='word_1_185' title='bbox 964 2645 1019 2683; x_wconf 84' lang='lat' dir='ltr'><strong>sua</strong></span> <span class='ocrx_word' id='word_1_186' title='bbox 1037 2637 1108 2684; x_wconf 83' lang='lat' dir='ltr'><strong>sunt</strong></span> <span class='ocrx_word' id='word_1_187' title='bbox 1130 2624 1175 2683; x_wconf 83' lang='lat' dir='ltr'><strong>dis</strong></span> <span class='ocrx_word' id='word_1_188' title='bbox 1192 2627 1268 2704; x_wconf 85' lang='lat' dir='ltr'><strong>ipsis</strong></span> <span class='ocrx_word' id='word_1_189' title='bbox 1286 2646 1345 2704; x_wconf 93' lang='lat' dir='ltr'><strong>po-</strong></span> 
     </span>
     <span class='ocr_line' id='line_1_24' title="bbox 234 2711 1346 2792; baseline -0.004 -21"><span class='ocrx_word' id='word_1_190' title='bbox 234 2714 292 2771; x_wconf 85' lang='lat' dir='ltr'><strong>sita</strong></span> <span class='ocrx_word' id='word_1_191' title='bbox 315 2712 497 2782; x_wconf 85' lang='lat' dir='ltr'><strong>simulacra,</strong></span> <span class='ocrx_word' id='word_1_192' title='bbox 524 2715 660 2792; x_wconf 86' lang='lat' dir='ltr'><strong>Apollini</strong></span> <span class='ocrx_word' id='word_1_193' title='bbox 683 2715 798 2770; x_wconf 85' lang='lat' dir='ltr'><strong>scilicet</strong></span> <span class='ocrx_word' id='word_1_194' title='bbox 820 2720 850 2767; x_wconf 91' lang='lat' dir='ltr'><strong>et</strong></span> <span class='ocrx_word' id='word_1_195' title='bbox 875 2712 1008 2768; x_wconf 86' lang='lat' dir='ltr'><strong>Herculi.</strong></span> <span class='ocrx_word' id='word_1_196' title='bbox 1050 2712 1194 2770; x_wconf 89' lang='lat' dir='ltr'><strong>Proxime</strong></span> <span class='ocrx_word' id='word_1_197' title='bbox 1223 2722 1269 2769; x_wconf 84' lang='lat' dir='ltr'><strong>est</strong></span> <span class='ocrx_word' id='word_1_198' title='bbox 1290 2711 1346 2767; x_wconf 82' lang='lat' dir='ltr'><strong>IA-</strong></span> 
     </span>
    </p>

    <p class='ocr_par' dir='ltr' id='par_1_5' title="bbox 209 2796 1347 3387">
     <span class='ocr_line' id='line_1_25' title="bbox 209 2796 1346 2874; baseline -0.003 -19"><span class='ocrx_word' id='word_1_199' title='bbox 209 2798 288 2855; x_wconf 90' lang='lat' dir='ltr'><strong>·ber</strong></span> <span class='ocrx_word' id='word_1_200' title='bbox 307 2800 412 2872; x_wconf 82' lang='lat' dir='ltr'><strong>Pater,</strong></span> <span class='ocrx_word' id='word_1_201' title='bbox 452 2807 481 2854; x_wconf 88' lang='lat' dir='ltr'><strong>et</strong></span> <span class='ocrx_word' id='word_1_202' title='bbox 503 2799 535 2854; x_wconf 91' lang='lat' dir='ltr'><strong>in</strong></span> <span class='ocrx_word' id='word_1_203' title='bbox 559 2798 678 2857; x_wconf 85' lang='lat' dir='ltr'><strong>diversa</strong></span> <span class='ocrx_word' id='word_1_204' title='bbox 696 2798 755 2855; x_wconf 87' lang='lat' dir='ltr'><strong>fori</strong></span> <span class='ocrx_word' id='word_1_205' title='bbox 774 2807 859 2874; x_wconf 89' lang='lat' dir='ltr'><strong>parte</strong></span> <span class='ocrx_word' id='word_1_206' title='bbox 881 2797 992 2874; x_wconf 86' lang='lat' dir='ltr'><strong>Apollo</strong></span> <span class='ocrx_word' id='word_1_207' title='bbox 1018 2796 1153 2854; x_wconf 78' lang='lat' dir='ltr'><strong>Caruias.</strong></span> <span class='ocrx_word' id='word_1_208' title='bbox 1197 2798 1253 2854; x_wconf 89' lang='lat' dir='ltr'><strong>Est</strong></span> <span class='ocrx_word' id='word_1_209' title='bbox 1270 2798 1346 2855; x_wconf 91' lang='lat' dir='ltr'><strong>item</strong></span> 
     </span>
     <span class='ocr_line' id='line_1_26' title="bbox 234 2880 1346 2961; baseline -0.003 -19"><span class='ocrx_word' id='word_1_210' title='bbox 234 2885 393 2942; x_wconf 85' lang='lat' dir='ltr'><strong>Ammonis</strong></span> <span class='ocrx_word' id='word_1_211' title='bbox 418 2880 508 2939; x_wconf 84' lang='lat' dir='ltr'><strong>aedes</strong></span> <span class='ocrx_word' id='word_1_212' title='bbox 528 2893 558 2939; x_wconf 91' lang='lat' dir='ltr'><strong>et</strong></span> <span class='ocrx_word' id='word_1_213' title='bbox 577 2884 751 2961; x_wconf 83' lang='lat' dir='ltr'><strong>Aesculapii</strong></span> <span class='ocrx_word' id='word_1_214' title='bbox 768 2891 866 2939; x_wconf 85' lang='lat' dir='ltr'><strong>statua</strong></span> <span class='ocrx_word' id='word_1_215' title='bbox 888 2901 928 2938; x_wconf 88' lang='lat' dir='ltr'><strong>ex</strong></span> <span class='ocrx_word' id='word_1_216' title='bbox 956 2899 1043 2940; x_wconf 83' lang='lat' dir='ltr'><strong>aere:</strong></span> <span class='ocrx_word' id='word_1_217' title='bbox 1085 2881 1174 2940; x_wconf 83' lang='lat' dir='ltr'><strong>aedes</strong></span> <span class='ocrx_word' id='word_1_218' title='bbox 1197 2883 1265 2960; x_wconf 85' lang='lat' dir='ltr'><strong>ipsa</strong></span> <span class='ocrx_word' id='word_1_219' title='bbox 1300 2891 1346 2940; x_wconf 83' lang='lat' dir='ltr'><strong>est</strong></span> 
     </span>
     <span class='ocr_line' id='line_1_27' title="bbox 235 2964 1346 3039; baseline 0.001 -15"><span class='ocrx_word' id='word_1_220' title='bbox 235 2969 301 3024; x_wconf 85' lang='lat' dir='ltr'><strong>siue</strong></span> <span class='ocrx_word' id='word_1_221' title='bbox 316 2976 415 3025; x_wconf 89' lang='lat' dir='ltr'><strong>tecto:</strong></span> <span class='ocrx_word' id='word_1_222' title='bbox 443 2977 511 3022; x_wconf 85' lang='lat' dir='ltr'><strong>tum</strong></span> <span class='ocrx_word' id='word_1_223' title='bbox 532 2964 588 3024; x_wconf 93' lang='lat' dir='ltr'><strong>deo</strong></span> <span class='ocrx_word' id='word_1_224' title='bbox 607 2966 723 3024; x_wconf 81' lang='lat' dir='ltr'><strong>dicatus</strong></span> <span class='ocrx_word' id='word_1_225' title='bbox 741 2968 827 3039; x_wconf 87' lang='lat' dir='ltr'><strong>fons,</strong></span> <span class='ocrx_word' id='word_1_226' title='bbox 853 2975 883 3023; x_wconf 88' lang='lat' dir='ltr'><strong>et</strong></span> <span class='ocrx_word' id='word_1_227' title='bbox 908 2967 1024 3025; x_wconf 83' lang='lat' dir='ltr'><strong>Cereris</strong></span> <span class='ocrx_word' id='word_1_228' title='bbox 1046 2977 1272 3026; x_wconf 88' lang='lat' dir='ltr'><strong>sacrosanctum</strong></span> <span class='ocrx_word' id='word_1_229' title='bbox 1291 2964 1346 3025; x_wconf 90' lang='lat' dir='ltr'><strong>de-</strong></span> 
     </span>
     <span class='ocr_line' id='line_1_28' title="bbox 232 3049 1344 3132; baseline 0.002 -24"><span class='ocrx_word' id='word_1_230' title='bbox 232 3051 373 3108; x_wconf 74' lang='lat' dir='ltr'><strong>lubrumt</strong></span> <span class='ocrx_word' id='word_1_231' title='bbox 401 3062 556 3129; x_wconf 80' lang='lat' dir='ltr'><strong>praeterea</strong></span> <span class='ocrx_word' id='word_1_232' title='bbox 571 3053 704 3130; x_wconf 84' lang='lat' dir='ltr'><strong>Neptuni</strong></span> <span class='ocrx_word' id='word_1_233' title='bbox 722 3049 874 3110; x_wconf 84' lang='lat' dir='ltr'><strong>Gaeaochi</strong></span> <span class='ocrx_word' id='word_1_234' title='bbox 891 3054 1024 3130; x_wconf 84' lang='lat' dir='ltr'><strong>signum.</strong></span> <span class='ocrx_word' id='word_1_235' title='bbox 1079 3051 1127 3132; x_wconf 88' lang='lat'><strong>(8)</strong></span> <span class='ocrx_word' id='word_1_236' title='bbox 1149 3055 1247 3125; x_wconf 82' lang='lat' dir='ltr'><strong>Quem</strong></span> <span class='ocrx_word' id='word_1_237' title='bbox 1272 3073 1344 3110; x_wconf 83' lang='lat' dir='ltr'><strong>vero</strong></span> 
     </span>
     <span class='ocr_line' id='line_1_29' title="bbox 234 3134 1347 3216; baseline 0 -22"><span class='ocrx_word' id='word_1_238' title='bbox 234 3134 403 3216; x_wconf 79' lang='lat' dir='ltr'><strong>Gytheatee</strong></span> <span class='ocrx_word' id='word_1_239' title='bbox 419 3156 524 3194; x_wconf 91' lang='lat' dir='ltr'><strong>senem</strong></span> <span class='ocrx_word' id='word_1_240' title='bbox 542 3140 716 3211; x_wconf 87' lang='lat' dir='ltr'><strong>nominant,</strong></span> <span class='ocrx_word' id='word_1_241' title='bbox 739 3147 769 3195; x_wconf 90' lang='lat' dir='ltr'><strong>et</strong></span> <span class='ocrx_word' id='word_1_242' title='bbox 782 3139 815 3193; x_wconf 92' lang='lat' dir='ltr'><strong>iu</strong></span> <span class='ocrx_word' id='word_1_243' title='bbox 836 3139 914 3193; x_wconf 81' lang='lat' dir='ltr'><strong>mari</strong></span> <span class='ocrx_word' id='word_1_244' title='bbox 934 3136 1070 3197; x_wconf 87' lang='lat' dir='ltr'><strong>habitare</strong></span> <span class='ocrx_word' id='word_1_245' title='bbox 1092 3137 1205 3212; x_wconf 89' lang='lat' dir='ltr'><strong>dicunt,</strong></span> <span class='ocrx_word' id='word_1_246' title='bbox 1249 3141 1347 3196; x_wconf 89' lang='lat' dir='ltr'><strong>Nerea</strong></span> 
     </span>
     <span class='ocr_line' id='line_1_30' title="bbox 237 3220 1346 3303; baseline 0.001 -23"><span class='ocrx_word' id='word_1_247' title='bbox 237 3242 303 3281; x_wconf 84' lang='lat' dir='ltr'><strong>esse</strong></span> <span class='ocrx_word' id='word_1_248' title='bbox 327 3223 471 3294; x_wconf 84' lang='lat' dir='ltr'><strong>coniici03</strong></span> <span class='ocrx_word' id='word_1_249' title='bbox 513 3233 581 3280; x_wconf 89' lang='lat' dir='ltr'><strong>ete</strong></span> <span class='ocrx_word' id='word_1_250' title='bbox 608 3224 744 3281; x_wconf 85' lang='lat' dir='ltr'><strong>versibus</strong></span> <span class='ocrx_word' id='word_1_251' title='bbox 763 3224 826 3280; x_wconf 87' lang='lat' dir='ltr'><strong>illis</strong></span> <span class='ocrx_word' id='word_1_252' title='bbox 849 3224 987 3296; x_wconf 89' lang='lat' dir='ltr'><strong>Homeri,</strong></span> <span class='ocrx_word' id='word_1_253' title='bbox 1017 3225 1051 3279; x_wconf 90' lang='lat' dir='ltr'><strong>in</strong></span> <span class='ocrx_word' id='word_1_254' title='bbox 1079 3225 1188 3303; x_wconf 87' lang='lat' dir='ltr'><strong>quibus</strong></span> <span class='ocrx_word' id='word_1_255' title='bbox 1217 3220 1346 3282; x_wconf 90' lang='lat' dir='ltr'><strong>Thetidi</strong></span> 
     </span>
     <span class='ocr_line' id='line_1_31' title="bbox 237 3306 1125 3387; baseline -0.001 -20"><span class='ocrx_word' id='word_1_256' title='bbox 237 3327 410 3367; x_wconf 81' lang='lat' dir='ltr'><strong>sermonem</strong></span> <span class='ocrx_word' id='word_1_257' title='bbox 426 3308 548 3382; x_wconf 86' lang='lat' dir='ltr'><strong>tribuit,</strong></span> <span class='ocrx_word' id='word_1_258' title='bbox 571 3327 683 3366; x_wconf 89' lang='lat' dir='ltr'><strong>nomen</strong></span> <span class='ocrx_word' id='word_1_259' title='bbox 706 3306 764 3367; x_wconf 92' lang='lat' dir='ltr'><strong>hoc</strong></span> <span class='ocrx_word' id='word_1_260' title='bbox 786 3306 909 3366; x_wconf 86' lang='lat' dir='ltr'><strong>duxisse</strong></span> <span class='ocrx_word' id='word_1_261' title='bbox 929 3310 1125 3387; x_wconf 87' lang='lat' dir='ltr'><strong>interpretor:</strong></span> 
     </span>
    </p>
   </div>
   <div class='ocr_carea' id='block_1_5' title="bbox 323 3405 1238 3575">
    <p class='ocr_par' dir='ltr' id='par_1_6' title="bbox 323 3405 1238 3575">
     <span class='ocr_line' id='line_1_32' title="bbox 323 3405 1031 3488; baseline -0.003 -19"><span class='ocrx_word' id='word_1_262' title='bbox 323 3405 385 3469; x_wconf 86' lang='lat' dir='ltr'><strong>Vos</strong></span> <span class='ocrx_word' id='word_1_263' title='bbox 408 3411 487 3488; x_wconf 82' lang='lat' dir='ltr'><strong>agite</strong></span> <span class='ocrx_word' id='word_1_264' title='bbox 507 3410 620 3467; x_wconf 86' lang='lat' dir='ltr'><strong>interea</strong></span> <span class='ocrx_word' id='word_1_265' title='bbox 641 3411 727 3488; x_wconf 85' lang='lat' dir='ltr'><strong>ponti</strong></span> <span class='ocrx_word' id='word_1_266' title='bbox 744 3407 824 3467; x_wconf 84' lang='lat' dir='ltr'><strong>vada</strong></span> <span class='ocrx_word' id='word_1_267' title='bbox 843 3411 905 3466; x_wconf 81' lang='lat' dir='ltr'><strong>lata</strong></span> <span class='ocrx_word' id='word_1_268' title='bbox 923 3409 1031 3484; x_wconf 88' lang='lat' dir='ltr'><strong>subite,</strong></span> 
     </span>
     <span class='ocr_line' id='line_1_33' title="bbox 323 3495 1238 3575; baseline 0.003 -21"><span class='ocrx_word' id='word_1_269' title='bbox 323 3496 448 3554; x_wconf 82' lang='lat' dir='ltr'><strong>Visurae</strong></span> <span class='ocrx_word' id='word_1_270' title='bbox 468 3513 714 3575; x_wconf 87' lang='lat' dir='ltr'><strong>aequoreumque</strong></span> <span class='ocrx_word' id='word_1_271' title='bbox 734 3513 854 3569; x_wconf 88' lang='lat' dir='ltr'><strong>senem,</strong></span> <span class='ocrx_word' id='word_1_272' title='bbox 894 3504 923 3550; x_wconf 87' lang='lat' dir='ltr'><strong>et</strong></span> <span class='ocrx_word' id='word_1_273' title='bbox 944 3495 1110 3573; x_wconf 84' lang='lat' dir='ltr'><strong>penetralia</strong></span> <span class='ocrx_word' id='word_1_274' title='bbox 1135 3497 1238 3575; x_wconf 83' lang='lat' dir='ltr'><strong>patris.</strong></span> 
     </span>
    </p>
   </div>
   <div class='ocr_carea' id='block_1_6' title="bbox 236 3703 1350 4332">
    <p class='ocr_par' dir='ltr' id='par_1_7' title="bbox 238 3703 1347 3919">
     <span class='ocr_line' id='line_1_34' title="bbox 273 3703 1347 3781; baseline -0.003 -16"><span class='ocrx_word' id='word_1_275' title='bbox 273 3711 317 3765; x_wconf 83' lang='lat'><strong>27.</strong></span> <span class='ocrx_word' id='word_1_276' title='bbox 336 3704 476 3778; x_wconf 83' lang='grc' dir='ltr'><strong><em>ηνθεάτοιι</em></strong></span> <span class='ocrx_word' id='word_1_277' title='bbox 494 3711 533 3764; x_wconf 90' lang='grc' dir='ltr'><strong>Μ.</strong></span> <span class='ocrx_word' id='word_1_278' title='bbox 560 3728 620 3764; x_wconf 87' lang='lat' dir='ltr'><strong>mox</strong></span> <span class='ocrx_word' id='word_1_279' title='bbox 641 3703 777 3771; x_wconf 77' lang='grc' dir='ltr'><strong><em>ἐλθόντος</em></strong></span> <span class='ocrx_word' id='word_1_280' title='bbox 843 3711 887 3764; x_wconf 82' lang='lat'><strong>30.</strong></span> <span class='ocrx_word' id='word_1_281' title='bbox 905 3708 1004 3781; x_wconf 77' lang='grc' dir='ltr'><strong><em>ηαιαόχ</em></strong></span> <span class='ocrx_word' id='word_1_282' title='bbox 988 3711 1281 3781; x_wconf 71' lang='lat' dir='ltr'>2306VeAchLbBy</span> <span class='ocrx_word' id='word_1_283' title='bbox 1282 3729 1347 3763; x_wconf 89' lang='grc' dir='ltr'><strong><em>αια-</em></strong></span> 
     </span>
     <span class='ocr_line' id='line_1_35' title="bbox 238 3727 1347 3867; baseline -0.001 -34"><span class='ocrx_word' id='word_1_284' title='bbox 238 3781 277 3844; x_wconf 87' lang='lat' dir='ltr'><em>A;</em></span> <span class='ocrx_word' id='word_1_285' title='bbox 294 3727 426 3840; x_wconf 73' lang='grc' dir='ltr'><strong><em>ἐλθόντες</em></strong></span> <span class='ocrx_word' id='word_1_286' title='bbox 436 3779 583 3845; x_wconf 87' lang='lat' dir='ltr'><strong>MVbLab</strong></span> <span class='ocrx_word' id='word_1_287' title='bbox 603 3777 777 3849; x_wconf 79' lang='grc' dir='ltr'><strong><em>ὃιηλάηησαν</em></strong></span> <span class='ocrx_word' id='word_1_288' title='bbox 809 3776 895 3867; x_wconf 63' lang='grc' dir='ltr'><strong><em>οάηον</em></strong></span> <span class='ocrx_word' id='word_1_289' title='bbox 914 3780 985 3833; x_wconf 79' lang='lat' dir='ltr'><strong>Edd.</strong></span> <span class='ocrx_word' id='word_1_290' title='bbox 997 3781 1055 3834; x_wconf 89' lang='lat' dir='ltr'><strong>rell.</strong></span> <span class='ocrx_word' id='word_1_291' title='bbox 1067 3781 1162 3834; x_wconf 68' lang='lat' dir='ltr'><strong>Vbnt.</strong></span> <span class='ocrx_word' id='word_1_292' title='bbox 1196 3730 1298 3833; x_wconf 59' lang='lat' dir='ltr'><strong>Moxy’</strong></span> <span class='ocrx_word' id='word_1_293' title='bbox 1282 3797 1347 3832; x_wconf 82' lang='grc' dir='ltr'><strong><em>ονο-</em></strong></span> 
     </span>
     <span class='ocr_line' id='line_1_36' title="bbox 238 3817 1345 3935; baseline 0.003 -34"><span class='ocrx_word' id='word_1_294' title='bbox 238 3817 288 3903; x_wconf 70' lang='lat'><strong>16</strong></span> <span class='ocrx_word' id='word_1_295' title='bbox 808 3850 943 3935; x_wconf 77' lang='grc' dir='ltr'><strong><em>μαζονοιν</em></strong></span> <span class='ocrx_word' id='word_1_296' title='bbox 963 3849 1201 3918; x_wconf 66' lang='grc' dir='ltr'><strong>ηνθιοῖταιΑοΑς.</strong></span> <span class='ocrx_word' id='word_1_297' title='bbox 1220 3842 1345 3916; x_wconf 80' lang='grc' dir='ltr'><strong><em>νορὲαό.</em></strong></span> 
     </span>
    </p>

    <p class='ocr_par' dir='ltr' id='par_1_8' title="bbox 236 3912 1348 4055">
     <span class='ocr_line' id='line_1_37' title="bbox 272 3912 1169 4001; baseline -0.003 -28"><span class='ocrx_word' id='word_1_298' title='bbox 272 3919 316 3973; x_wconf 85' lang='lat'><strong>28</strong></span> <span class='ocrx_word' id='word_1_299' title='bbox 333 3912 444 3985; x_wconf 76' lang='grc' dir='ltr'><strong><em>οἰκῆσαι</em></strong></span> <span class='ocrx_word' id='word_1_300' title='bbox 462 3916 685 3986; x_wconf 80' lang='lat' dir='ltr'><strong>AgVabLabMA.</strong></span> <span class='ocrx_word' id='word_1_301' title='bbox 716 3936 776 3971; x_wconf 88' lang='lat' dir='ltr'><strong>mox</strong></span> <span class='ocrx_word' id='word_1_302' title='bbox 809 3912 999 4001; x_wconf 77' lang='grc' dir='ltr'><strong><em>εόριοκονλικ.</em></strong></span> <span class='ocrx_word' id='word_1_303' title='bbox 1166 3947 1169 3951; x_wconf 91' lang='grc'><strong>-</strong></span> 
     </span>
     <span class='ocr_line' id='line_1_38' title="bbox 236 3971 1348 4071; baseline 0.001 -34"><span class='ocrx_word' id='word_1_304' title='bbox 236 3979 349 4071; x_wconf 78' lang='grc' dir='ltr'><strong><em>άηαλμα</em></strong></span> <span class='ocrx_word' id='word_1_305' title='bbox 360 3986 412 4040; x_wconf 75' lang='lat' dir='ltr'><strong>V&#39;a.</strong></span> <span class='ocrx_word' id='word_1_306' title='bbox 843 3988 888 4040; x_wconf 80' lang='lat'><strong>31.</strong></span> <span class='ocrx_word' id='word_1_307' title='bbox 907 3975 958 4040; x_wconf 75' lang='grc' dir='ltr'><strong>οὖν</strong></span> <span class='ocrx_word' id='word_1_308' title='bbox 973 3987 1068 4070; x_wconf 82' lang='lat' dir='ltr'><strong>Ang.</strong></span> <span class='ocrx_word' id='word_1_309' title='bbox 1087 3992 1150 4038; x_wconf 87' lang='lat' dir='ltr'><strong>tum.</strong></span> <span class='ocrx_word' id='word_1_310' title='bbox 1182 3971 1249 4037; x_wconf 81' lang='grc' dir='ltr'><strong><em>αὖτε</em></strong></span> <span class='ocrx_word' id='word_1_311' title='bbox 1266 3983 1348 4054; x_wconf 74' lang='lat' dir='ltr'><strong>PcAg</strong></span> 
     </span>
    </p>

    <p class='ocr_par' dir='ltr' id='par_1_9' title="bbox 237 4044 1350 4329">
     <span class='ocr_line' id='line_1_39' title="bbox 273 4044 1347 4140; baseline -0.004 -32"><span class='ocrx_word' id='word_1_312' title='bbox 273 4056 318 4108; x_wconf 78' lang='lat'><strong>29.</strong></span> <span class='ocrx_word' id='word_1_313' title='bbox 332 4050 389 4108; x_wconf 77' lang='grc' dir='ltr'><strong>Ἆπ.</strong></span> <span class='ocrx_word' id='word_1_314' title='bbox 408 4049 458 4106; x_wconf 85' lang='grc' dir='ltr'><strong>καί</strong></span> <span class='ocrx_word' id='word_1_315' title='bbox 474 4055 529 4120; x_wconf 84' lang='grc' dir='ltr'><strong>Κρ.</strong></span> <span class='ocrx_word' id='word_1_316' title='bbox 541 4054 624 4107; x_wconf 82' lang='lat' dir='ltr'><strong>MVe.</strong></span> <span class='ocrx_word' id='word_1_317' title='bbox 660 4053 777 4120; x_wconf 77' lang='grc' dir='ltr'><strong><em>κρανίας</em></strong></span> <span class='ocrx_word' id='word_1_318' title='bbox 810 4055 926 4140; x_wconf 86' lang='lat' dir='ltr'><strong>VbLab·</strong></span> <span class='ocrx_word' id='word_1_319' title='bbox 953 4044 1037 4108; x_wconf 82' lang='grc' dir='ltr'><strong><em>αόται</em></strong></span> <span class='ocrx_word' id='word_1_320' title='bbox 1055 4055 1107 4108; x_wconf 82' lang='lat' dir='ltr'><strong>Va.</strong></span> <span class='ocrx_word' id='word_1_321' title='bbox 1140 4048 1271 4120; x_wconf 85' lang='grc' dir='ltr'><strong><em>θαλάσση</em></strong></span> <span class='ocrx_word' id='word_1_322' title='bbox 1295 4053 1347 4105; x_wconf 89' lang='lat' dir='ltr'><strong>La.</strong></span> 
     </span>
     <span class='ocr_line' id='line_1_40' title="bbox 238 4093 1350 4207; baseline -0.002 -32"><span class='ocrx_word' id='word_1_323' title='bbox 238 4123 291 4175; x_wconf 82' lang='lat' dir='ltr'><strong>Va.</strong></span> <span class='ocrx_word' id='word_1_324' title='bbox 314 4124 453 4191; x_wconf 69' lang='grc' dir='ltr'><strong><em>Καρνεῖος</em></strong></span> <span class='ocrx_word' id='word_1_325' title='bbox 474 4122 498 4176; x_wconf 83' lang='lat' dir='ltr'>C</span> <span class='ocrx_word' id='word_1_326' title='bbox 519 4138 552 4176; x_wconf 87' lang='lat' dir='ltr'><strong>ex</strong></span> <span class='ocrx_word' id='word_1_327' title='bbox 570 4123 640 4176; x_wconf 85' lang='lat' dir='ltr'><strong>coni.</strong></span> <span class='ocrx_word' id='word_1_328' title='bbox 663 4123 703 4190; x_wconf 79' lang='lat' dir='ltr'><strong>F,</strong></span> <span class='ocrx_word' id='word_1_329' title='bbox 723 4124 774 4176; x_wconf 90' lang='lat' dir='ltr'><strong>imo</strong></span> <span class='ocrx_word' id='word_1_330' title='bbox 808 4132 863 4207; x_wconf 70' lang='lat' dir='ltr'><strong>tupi</strong></span> <span class='ocrx_word' id='word_1_331' title='bbox 886 4093 993 4180; x_wconf 79' lang='grc' dir='ltr'><strong><em>κόλπον</em></strong></span> <span class='ocrx_word' id='word_1_332' title='bbox 1013 4124 1064 4176; x_wconf 74' lang='grc' dir='ltr'><strong>Ιιο.</strong></span> <span class='ocrx_word' id='word_1_333' title='bbox 1099 4118 1208 4175; x_wconf 87' lang='grc' dir='ltr'><strong><em>κόλπον</em></strong></span> <span class='ocrx_word' id='word_1_334' title='bbox 1229 4121 1350 4191; x_wconf 77' lang='lat' dir='ltr'><strong>BPeAg3</strong></span> 
     </span>
     <span class='ocr_line' id='line_1_41' title="bbox 237 4160 1348 4275; baseline 0.001 -32"><span class='ocrx_word' id='word_1_335' title='bbox 237 4186 386 4275; x_wconf 77' lang='grc' dir='ltr'><strong><em>Κάρνειος.</em></strong></span> <span class='ocrx_word' id='word_1_336' title='bbox 420 4190 485 4247; x_wconf 80' lang='grc' dir='ltr'><strong>Μαι</strong></span> <span class='ocrx_word' id='word_1_337' title='bbox 509 4186 560 4247; x_wconf 85' lang='grc' dir='ltr'><strong>ονίι</strong></span> <span class='ocrx_word' id='word_1_338' title='bbox 579 4160 774 4255; x_wconf 60' lang='grc' dir='ltr'><strong>ἐπιόντοςο0.</strong></span> <span class='ocrx_word' id='word_1_339' title='bbox 807 4187 914 4245; x_wconf 85' lang='grc' dir='ltr'><strong><em>πόντον</em></strong></span> <span class='ocrx_word' id='word_1_340' title='bbox 931 4194 992 4246; x_wconf 91' lang='lat' dir='ltr'><strong>edd.</strong></span> <span class='ocrx_word' id='word_1_341' title='bbox 1011 4192 1069 4246; x_wconf 87' lang='lat' dir='ltr'><strong>rell.</strong></span> <span class='ocrx_word' id='word_1_342' title='bbox 1082 4191 1242 4246; x_wconf 81' lang='lat' dir='ltr'><strong>MVub.-</strong></span> <span class='ocrx_word' id='word_1_343' title='bbox 1266 4191 1348 4245; x_wconf 81' lang='lat' dir='ltr'><strong>Hom.</strong></span> 
     </span>
     <span class='ocr_line' id='line_1_42' title="bbox 237 4254 1141 4332; baseline 0.003 -19"><span class='ocrx_word' id='word_1_344' title='bbox 237 4254 336 4329; x_wconf 72' lang='grc' dir='ltr'><strong><em>ὀρόφῳ</em></strong></span> <span class='ocrx_word' id='word_1_345' title='bbox 350 4260 400 4314; x_wconf 79' lang='lat' dir='ltr'><strong>La</strong></span> <span class='ocrx_word' id='word_1_346' title='bbox 809 4261 843 4315; x_wconf 88' lang='lat' dir='ltr'><strong>Il.</strong></span> <span class='ocrx_word' id='word_1_347' title='bbox 858 4261 966 4332; x_wconf 80' lang='lat' dir='ltr'><strong>XVIII,</strong></span> <span class='ocrx_word' id='word_1_348' title='bbox 988 4263 1047 4318; x_wconf 78' lang='lat'><strong>140</strong></span> <span class='ocrx_word' id='word_1_349' title='bbox 1138 4297 1141 4302; x_wconf 88' lang='lat'><em>-</em></span> 
     </span>
    </p>
   </div>
   <div class='ocr_carea' id='block_1_7' title="bbox 0 0 1445 4846">
    <p class='ocr_par' dir='ltr' id='par_1_10' title="bbox 0 0 1445 4846">
     <span class='ocr_line' id='line_1_43' title="bbox 0 0 1445 4846; baseline 0 0"><span class='ocrx_word' id='word_1_350' title='bbox 0 0 1445 4846; x_wconf 95' lang='lat' dir='ltr'><strong> </strong></span> 
     </span>
    </p>
   </div>
  </div>
 </body>
</html>
