2872 4846
434 288 525 347 SEU
555 288 643 347 ma.
666 295 704 348 11.
742 288 844 350 OAP.
874 291 970 351 XXX.
1190 295 1255 358 887

141 450 336 549 τριδούνί6
353 456 517 542 Πιτθέως
532 450 644 528 εἰδόσι
658 451 700 527 τὰ
717 456 752 543 ἐς
768 450 880 529 αὐτὸν
894 451 941 529 οὐ
956 452 1090 552 γράφω.
1118 462 1175 553 (9)
1192 468 1254 533 Δελ
1272 480 1304 532 10

142 559 182 628 δέ
202 583 243 648 με
267 552 414 629 τοσόνδε
435 560 484 628 έτι
506 562 671 653 δηλῶσαι.
723 552 958 653 Ἡρακλειδῶν
981 555 1047 654 γὰρ
1070 560 1254 638 κατελθόν-

143 686 213 731 των
247 657 407 745 έδέξαντο
438 662 560 732 καλοί
589 656 787 756 Τροιζήνιοι
798 659 837 706 4⁷
872 665 1065 749 συνοίκους
1092 668 1256 759 Δωριέων

141 767 212 833 τῶν
238 760 273 848 ἐξ
285 757 432 856 ’Ἄργους
457 765 515 833 καὶ
535 758 708 858 πρότερον
728 767 777 834 έτι
794 757 948 858 Ἀργείων
964 758 1062 851 ὄντες
1075 762 1254 861 κατήκοοι·

142 866 200 936 καί
223 869 319 959 σφᾶς
333 867 392 936 καί
408 859 565 960 Ὅμηρος
580 870 617 938 έν
636 861 815 961 καταλόγῳ
831 868 940 959 φησίν
955 861 1029 938 ὑπὸ
1047 864 1254 964 Διομήδους

143 963 321 1061 ἄρχεσθαι.
374 963 557 1064 Διομήδης
583 963 648 1063 γὰρ
669 970 728 1040 καί
736 963 929 1061 Εὐρύαλος
952 964 1253 1064 ὁΜηκιστέως,48

142 1062 352 1141 Κυάνιππον
365 1065 428 1142 τὸν
440 1073 626 1165 Αἰγιαλέως
639 1074 747 1142 παῖδα
764 1065 848 1143 ὄντα
864 1068 1160 1165 ἐπιτροπεύοντες,
1185 1068 1196 1097 ’
1238 1119 1252 1130 -

141 1174 242 1267 γείων
259 1168 430 1268 ἡγήσαντο
446 1176 482 1260 ές
498 1177 638 1267 Τροίαν.
691 1176 868 1260 Σθένελος
888 1174 945 1262 δὲ,
973 1168 1021 1260 ὡς
1036 1168 1193 1270 ἐδήλωσα
1215 1204 1252 1250 ιν

140 1287 217 1360 τοῖς
240 1270 429 1368 πρότερον,
471 1279 584 1364 οἰκίας
603 1303 639 1347 τε
662 1261 707 1371 ήν
727 1279 995 1370 ἐπιφανεστέρας
1026 1281 1096 1349 τῶν
1122 1270 1218 1366 ’Δναξ
1240 1325 1254 1335 -

140 1380 293 1470 γοριδῶν
312 1381 554 1470 καλουμένων,
592 1374 697 1473 καλή
729 1382 882 1471 βασιλεία
905 1373 1021 1473 τούτῳ
1044 1373 1190 1468 μάλιστα
1210 1368 1255 1477 ήν

31 1505 46 1515 ”
139 1474 383 1574 offuturum
404 1476 645 1574 προσήκουσα.
697 1485 852 1552 τοσαῦτα
874 1483 1091 1575 Τροιζηνίοις
1111 1478 1255 1576 ἐχόμενα

142 1570 374 1676 ίστορίαςήν,
411 1581 518 1677 παρέξ
546 1576 623 1677 ή50
643 1575 726 1653 ὅσαι
754 1576 872 1668 πόλεις
896 1576 974 1675 παρ’
1001 1576 1118 1654 αὐτῶν
1143 1587 1253 1676 φασίν

143 1676 401 1779 ἀποικισθῆναι.
455 1679 672 1779 κατασκευήν
696 1685 733 1755 δέ
762 1688 863 1778 ἱερῶν
887 1687 944 1756 καί
970 1677 1038 1755 ὅσα
1059 1679 1145 1758 ἄλλα
1171 1686 1251 1776 έςθῙ

142 1783 303 1872 ἐπίδειξιν
335 1781 375 1857 τὸ
398 1788 561 1859 {verano
587 1783 741 1878 ἐπέξειμι.

140 2013 203 2071 filia
228 2025 359 2094 nepote,
399 2013 480 2094 quod
510 2017 582 2074 satis
612 2024 683 2074 sunt
714 2014 853 2072 omnibus
875 2013 939 2069 eius
967 2031 1013 2070 res
1032 2023 1139 2088 notae,
1174 2014 1254 2076 nihil

140 2100 257 2172 sorib03
295 2099 340 2175 (9)
366 2098 420 2157 sed
444 2119 495 2173 ea,
528 2120 605 2180 quae
630 2098 769 2157 addenda
791 2117 915 2169 censeo,
946 2097 1159 2174 inpraesentia
1181 2122 1253 2179 per-

140 2200 261 2262 sequor.
321 2184 490 2243 Heraclidis
510 2186 805 2263 iri-Peloponnesum
832 2182 976 2254 reversis,
1016 2196 1193 2262 receperunt
1223 2198 1253 2245 et

139 2270 302 2328 Troezenii
323 2271 355 2327 in
371 2271 479 2328 urbem
496 2290 583 2328 suam
597 2271 776 2342 Dorienses,
799 2268 852 2347 qui
869 2267 958 2342 Argis
975 2278 1134 2344 venerunt,
1156 2289 1252 2350 quum

141 2356 234 2412 etiam
259 2365 347 2412 antea
366 2357 486 2434 Argivis
509 2357 690 2435 paruissent.
745 2356 824 2411 Nam
842 2361 873 2409 et
892 2353 1041 2414 Homerus
1059 2355 1092 2410 in
1116 2359 1252 2414 exercitu

140 2440 326 2497 Graecorum
345 2439 530 2499 recensendo
552 2437 734 2499 Diomedem
757 2439 819 2496 illis
838 2439 1004 2514 imperasse
1029 2437 1116 2496 dicit:
1154 2443 1252 2521 siqui-

141 2522 213 2580 dem
237 2523 400 2583 Diomedes
428 2534 458 2582 et
479 2527 630 2604 Euryalus
656 2524 811 2598 Meoistei‚
849 2529 1001 2603 suscepta
1020 2522 1169 2602 Cyanippi
1189 2527 1252 2584 Ao·
1315 2576 1328 2599 ,

141 2610 234 2686 gialei
256 2608 311 2667 filii
341 2609 451 2681 tineis,
492 2611 620 2689 Argivos
649 2607 688 2666 ad
707 2610 835 2667 Troiam
857 2603 1023 2664 deduxere.
1088 2606 1252 2669 Sthenelus

140 2713 211 2753 vero
229 2693 288 2770 (uti
303 2703 372 2751 aute
388 2693 529 2772 exposui)
552 2694 704 2751 natalibus
724 2695 823 2751 multo
844 2691 903 2748 fuit
921 2690 1112 2766 clarioribus,
1140 2712 1252 2774 nempe

66 2798 70 2813 ¹
139 2781 193 2858 qui
220 2776 257 2835 de
287 2797 393 2836 eorum
418 2790 496 2836 esset
520 2789 627 2857 gente,
665 2779 811 2858 quisunt
842 2773 1072 2852 Anaxagoridae
1095 2780 1249 2856 appellati.

138 2865 178 2921 Ei
193 2864 295 2943 itaque
317 2865 475 2942 inprimis
497 2866 681 2942 Argivormn
702 2861 868 2920 debebatur
888 2860 1061 2939 imperium.
1111 2862 1193 2920 Haeo
1214 2863 1252 2923 de

138 2950 376 3009 Troezeniorum
401 2948 492 3006 rebus
526 2946 670 3007 historiae
702 2945 847 3004 mandata
877 2956 963 3003 sunt:
1008 2963 1195 3026 quamquam
1222 2961 1251 3008 et

138 3036 237 3092 multa
258 3036 383 3094 fortasse
407 3032 445 3091 de
466 3035 518 3108 iis,
554 3053 629 3114 quas
647 3029 858 3105 deduxerunt,
888 3030 1012 3088 coloniis
1029 3028 1101 3087 addi
1118 3045 1250 3111 possent.

139 3123 206 3176 lam
227 3138 297 3178 nero
311 3122 497 3197 templorum
514 3127 710 3189 ornamenta,
741 3128 772 3172 et
789 3117 848 3172 alia
862 3116 997 3172 maxime
1013 3114 1144 3192 insignia
1160 3139 1250 3199 opera

140 3221 311 3280 persequar.

174 3423 219 3477 46.
237 3422 393 3490 δυτριδοῧν
401 3423 450 3491 (γα
461 3437 544 3509 supra
554 3421 617 3488 lin.)
626 3421 677 3496 Xe.
748 3417 792 3472 49.
810 3411 829 3485 ἡ
848 3431 900 3469 om.
918 3416 958 3471 M.

142 3486 438 3559 Πυτδίωςείδότιλς.
465 3508 500 3544 τα
516 3484 623 3544 ἑαυτῶν
640 3482 677 3542 οὔ
1090 3497 1104 3510 ‘

140 3561 187 3616 Po.
204 3578 264 3613 mox
275 3559 432 3615 τοσόνδεέτι
441 3559 508 3680 poio)
519 3560 569 3615 La.
734 3556 788 3640 ,5⁰¹
803 3546 924 3622 παρέξοι
938 3551 1160 3641 LbMVachpig.
1177 3576 1250 3628 παρ-

173 3629 218 3683 47.
236 3628 369 3697 τριζήνιοι
377 3628 417 3682 Μ.
461 3646 522 3689 ντες
533 3626 675 3696 κατήκ-
709 3624 845 3693 ρεξαιΙιε.
862 3622 932 3675 unde
941 3639 988 3674 nos
996 3618 1085 3689 παρέξ
1096 3627 1247 3694 aperuimus.

109 3720 115 3729 ·
137 3691 261 3765 Ἀργείων
270 3714 321 3750 om.
334 3698 385 3750 La.
402 3697 467 3750 Mox
477 3700 576 3750 καταλ.
589 3692 677 3764 φασίν
708 3688 821 3814 παρῗξΜ
816 3688 932 3760 (πάρεξ)
946 3692 1007 3746 edd.
1033 3688 1187 3764 ἄποικήσαι
1197 3697 1247 3765 Ag.

139 3768 191 3820 va·
710 3778 770 3830 φαῧ
822 3796 831 3816 s

172 3836 217 3888 48.
234 3828 393 3904 Μηκιστέος
403 3834 454 3903 Ag.
474 3828 677 3901 Μυκιοτέιος,η

30 3902 40 3910 “
140 3919 220 3974 super
239 3922 272 3973 υ,
297 3904 350 3958 Vb.
744 3896 791 3954 51.
809 3888 838 3959 ές
849 3913 900 3951 our.
917 3896 969 3951 Vb.
