2872 4846
188 248 256 307 LVI
549 240 966 307 PRA'HATlO.

290 415 501 512 corruptelas
520 439 597 511 quas
618 419 781 511 bucusque
798 422 1005 490 tractavimus
1023 417 1164 486 maxima
1176 437 1220 486 ex
1234 412 1333 509 parte

74 530 77 535 '
185 522 322 591 librariis
342 523 492 593 debemus
513 526 567 593 vel
587 524 808 616 ignorantibus
828 523 882 592 vel
900 524 1158 615 negligentibus3
1185 526 1345 611 sequitur-

185 629 276 718 peios
297 647 401 720 genus
425 649 535 697 earum
557 648 639 719 quae
661 649 682 694 a
700 629 837 696 librariis
857 629 964 697 sciolis
985 625 1149 717 proiectae
1161 631 1248 713 sunt,
1274 627 1330 716 qui

136 804 139 811 ,
186 729 269 820 quod
291 751 355 800 nou
374 733 597 824 intelligebant
615 738 757 822 mutare,
787 738 937 823 corrupta
957 752 1016 799 suo
1032 750 1122 798 more
1142 737 1331 798 restaurare

184 834 347 925 solebant,
379 856 445 907 nou
470 838 584 926 ubique
608 837 689 902 satis
713 834 841 903 dextre.
892 835 1083 904 Accusatius
1109 836 1331 901 examinemus

184 933 304 1026 aliquot
314 937 419 1007 locos.
470 939 531 1030 lll,
547 938 607 1030 19,
623 938 658 1006 2.
673 937 799 1009 codices
812 940 921 1029 optimi
936 939 1137 1008 consentiunt
1151 938 1182 1002 iu
1196 939 1331 1021 μέγεθος

184 1043 217 1106 δὲ
230 1043 325 1106 αὐτοῦ
339 1043 452 1130 μίτρου
465 1046 522 1126 μίν
537 1045 644 1111 οὗδίνα
658 1043 822 1132 ἀνευρόντα
839 1041 919 1121 obla,
938 1042 1083 1122 εἰκάζοντι
1101 1042 1135 1105 δὲ
1150 1046 1232 1121 κτλ.,·
1264 1037 1330 1106 (Ib-
1345 1072 1351 1079 ·

183 1145 311 1213 umoris
326 1152 422 1214 uotae
435 1146 561 1216 codices
573 1146 692 1216 babent
704 1150 805 1236 μίτρην
819 1142 925 1237 (quob
938 1148 1068 1215 retinuit
1079 1138 1166 1233 B.),
1193 1146 1225 1209 in
1239 1145 1331 1229 ptyr-

183 1255 244 1323 θος
255 1267 366 1314 omues
378 1252 597 1338 consentiuut3
611 1253 761 1336 μεγέθους
776 1253 811 1316 «ii
825 1252 920 1317 αὐτοῦ
932 1252 1043 1335 μέτρον
1058 1268 1127 1316 cum
1143 1243 1239 1316 θίαν.
1252 1246 1331 1314 edi·

80 1342 85 1353 '
184 1349 231 1418 (lit
244 1345 368 1419 Siebel.
418 1350 476 1423 Sic
488 1354 670 1444 corruptela
683 1352 896 1445 corruptelam
908 1353 1019 1422 trabit.
1049 1350 1120 1419 Nos
1135 1349 1330 1418 Pausaniam

185 1454 231 1521 sic
243 1455 410 1545 scripsisse
422 1464 587 1548 putamus:
601 1459 732 1542 μίηεθος
746 1460 779 1523 δὲ
793 1459 889 1523 αὐτοῦ
902 1453 1106 1545 μετρούμενον
1124 1455 1233 1520 οὐδίνα
1246 1452 1328 1519 oblu-

186 1553 225 1629 Si
236 1565 385 1627 acceutm
397 1583 462 1630 non
478 1561 632 1630 habemus
651 1562 807 1629 rationem
825 1562 937 1647 μίτρου
958 1562 1013 1645 μὲν
1032 1567 1065 1628 ot
1083 1556 1330 1643 puerporiprecovsb

186 1661 373 1750 scripturam
387 1672 514 1754 spectas
527 1667 583 1734 uix
596 1663 763 1753 differuut3
788 1663 932 1734 solemne
944 1662 1095 1754 syllabae
1115 1657 1157 1738 ὄῖν
1171 1680 1329 1752 compen-

188 1761 272 1830 dium
292 1767 344 1851 (*)
365 1786 384 1831 a
401 1768 530 1836 librario
550 1789 608 1859 pro
629 1773 760 1836 accentu
773 1775 937 1859 acceptum
948 1768 1131 1837 necessario
1144 1770 1257 1852 μέτρου
1272 1767 1331 1848 μὲν
1403 1794 1412 1805 ·

187 1869 379 1957 procreavit.
430 1871 500 1939 lam
519 1891 614 1961 quum
632 1873 764 1957 μέγεθος
780 1871 866 1939 uude
878 1872 1016 1962 pendeat
1029 1892 1094 1939 nou
1106 1869 1260 1959 haberet,
1287 1866 1328 1936 (le

187 1988 247 2036 suo
267 1968 413 2040 librarius
426 1975 560 2055 insaniit
573 1973 757 2064 ἀνευρόντας
782 1980 815 2042 at
832 1974 972 2043 noudum
992 1965 1145 2065 expedita
1164 1978 1235 2039 erat
1253 1990 1328 2060 resq

186 2091 261 2139 nam
279 2079 393 2162 μέτρου
411 2098 496 2145 nuuc
512 2099 577 2149 nou
589 2077 687 2147 babet
699 2099 760 2168 quo
774 2076 950 2166 relerabrr3
977 2078 1050 2170 qnid
1066 2072 1193 2146 multat
1217 2080 1330 2143 muta·

186 2181 254 2243 tum
278 2186 330 2249 est
348 2182 381 2248 iu
402 2185 524 2270 μέτρα·
562 2189 596 2251 et
616 2181 689 2272 quib
712 2180 904 2271 proiecimus
925 2181 976 2250 bis
999 2183 1088 2273 quasi
1109 2175 1330 2249 correcturis?

186 2273 382 2352 Salebrosus
408 2291 516 2354 manet
537 2285 640 2354 loeus.
689 2282 812 2355 Nostra
837 2287 1018 2356 coniectura
1043 2286 1151 2356 omnia
1175 2276 1330 2373 expedire

44 2366 48 2373 .
184 2378 323 2455 viteam.
350 2423 398 2439 ·-
426 2388 525 2481 VIII,
548 2386 617 2481 35,
642 2389 677 2458 2.
707 2387 774 2477 ὅροι
798 2393 984 2474 Μεσσηνίων
1008 2392 1086 2476 πρὸς
1110 2388 1330 2473 Μεγαλοπολί-

183 2494 303 2564 ταςκαὶ
316 2483 417 2571 οὗτοι,
442 2497 493 2559 καί
514 2493 678 2579 ἀγάλματα
702 2495 738 2560 οὗ
761 2493 881 2580 μεγάλα
903 2496 1076 2578 Δεσποίνης
1096 2495 1195 2557 τεκαὶ
1217 2488 1330 2573 Δημη-

182 2613 268 2676 τρθς·
292 2594 356 2662 iim
372 2597 406 2661 δὲ
421 2601 471 2662 καί
486 2595 620 2685 Ἑρμοῦ,
646 2600 805 2682 πεποίηται
829 2600 863 2664 δὲ
885 2602 935 2664 καὶ
954 2597 1154 2682 Ἡρακλίους.
1181 2598 1279 2658 δοκεῖν
1295 2594 1332 2658 δέ

182 2718 236 2776 por
253 2732 318 2764 -·
371 2694 429 2767 Sic
446 2698 625 2767 Pausanias
644 2722 709 2770 nou
730 2703 869 2791 scripsit.
922 2697 1170 2788 Conqueruutur
1183 2696 1223 2763 de
1236 2697 1329 2763 sale-

41 2832 45 2838 ·
182 2804 280 2871 brosa
302 2798 483 2867 Pausaniae
507 2801 661 2890 dictioue3
700 2822 930 2892 conqueramur
954 2803 1060 2894 potius
1088 2801 1128 2868 de
1155 2799 1329 2867 salebrosis

182 2903 384 2975 librariorum
405 2905 607 2973 correcturis.
660 2903 840 2972 Geuuiuam
858 2903 1039 2973 Pausaniae
1058 2905 1253 2974 restibrimns
1273 2900 1329 2970 le-

61 3018 67 3029 ’
184 3012 342 3080 ttionemn
376 3009 427 3071 καί
449 3005 611 3093 ἀγάλματα
633 3007 669 3072 οὗ
691 3007 812 3092 μεγάλα
835 3010 1006 3092 Δεσποίνης
1027 3037 1059 3076 τε
1080 3011 1131 3074 καί
1151 3006 1329 3091 Δήμητρος,

185 3115 228 3181 ἴοι
243 3116 280 3179 ’δι’
294 3112 347 3176 καί
357 3106 473 3206 Ἑρμοῦ
488 3114 647 3194 πεποίηται
663 3114 713 3176 καί
725 3108 925 3198 Ἡρακλέους.
973 3110 1150 3201 Postquam
1171 3111 1212 3175 ίτι
1236 3110 1330 3176 abie-

186 3223 238 3286 rat
250 3218 282 3283 iu
297 3213 376 3290 ίοτι,
402 3233 485 3302 quae
499 3212 643 3282 confusio
658 3218 709 3282 est
722 3212 999 3307 frequentissima,
1027 3214 1158 3305 virgula
1172 3218 1246 3304 post
1256 3211 1329 3296 Ἕρ-

185 3327 248 3406 μοῦ
261 3322 333 3387 erat
342 3317 543 3406 necessaria3
578 3319 684 3408 posita
694 3318 842 3409 virgula,
867 3324 942 3409 post
953 3323 1111 3402 πεποίηται
1124 3316 1282 3407 particula
1296 3316 1330 3380 rii

184 3423 283 3492 inseri
301 3419 453 3509 debebatq
479 3422 525 3488 sic
544 3421 655 3488 riuum
674 3440 693 3487 e
711 3422 789 3488 vitio
809 3420 969 3510 pullulare
988 3422 1084 3489 solet.
1135 3419 1205 3487 Dici
1222 3425 1329 3487 autem

183 3549 249 3597 uon
270 3527 379 3617 potest
397 3544 490 3612 quam
511 3543 610 3614 saepe
627 3541 785 3613 perversa
804 3522 964 3592 distinctio
984 3524 1220 3591 conturbaverit
1241 3524 1329 3589 iute-

184 3652 263 3723 gras
276 3626 528 3717 enuntiationes,
555 3632 590 3694 et
609 3632 684 3715 quot
703 3626 876 3716 particulas
900 3628 935 3692 rii
953 3628 1090 3718 virgulis
1109 3627 1194 3694 male
1215 3624 1329 3716 positis

184 3734 377 3816 debeamus,
404 3734 461 3796 aut
472 3731 610 3797 insertas
623 3734 679 3796 aut
690 3730 762 3798 loco
776 3730 882 3799 alieno
896 3729 1082 3800 collocatas.
1134 3728 1330 3818 Exemplum

184 3835 326 3906 lortasse
344 3832 499 3902 babemus
516 3831 578 3900 hoe
595 3832 666 3920 ipso
686 3835 808 3925 capite,
841 3839 1011 3924 segmento
1034 3834 1077 3902 7:
1099 3834 1273 3919 Παρωρεὺς
1290 3867 1329 3880 -

184 3942 355 4027 Παρωρίαν
374 3936 488 4002 ίκτισεν
507 3936 681 4018 ἀπέχουσαν
699 3939 823 4014 Ζοιίίας
838 3941 982 4016 σταδίους
999 3938 1082 4002 δίκα.
1108 3935 1216 4022 ίρημοι
1233 3935 1329 4000 δὲκαὶ

183 4046 215 4121 ίς
229 4043 282 4126 ἐμὲ
296 4033 376 4127 ἦσαν
390 4038 572 4128 ἀμφότεραι.
597 4038 679 4122 μίνει
696 4040 730 4104 (lt
744 4040 776 4104 ἓν
789 4041 896 4130 Ζοιτίηι
908 4040 1076 4126 Δήμητρος
1092 4039 1165 4115 ναὸς
1187 4041 1237 4103 καὶ
1256 4038 1329 4123 Ἀρ-

182 4148 323 4230 τέμιδος,
350 4142 384 4208 ob*
394 4144 444 4204 καὶ
458 4144 489 4220 ἐς
502 4144 555 4226 ἐμὲ
570 4133 660 4228 ἦσαν.
692 4143 807 4230 ἐρείπια
821 4143 856 4208 δὲ
870 4142 985 4210 πόλεων
1002 4146 1052 4207 καί
1070 4139 1164 4218 ἄλλα,
1188 4140 1329 4225 Θυραίου

72 4230 78 4247 ’
182 4251 238 4333 μὲν
257 4253 347 4315 τινα1
374 4239 466 4311 llaec
495 4265 559 4314 nou
592 4263 668 4315 esse
698 4264 782 4313 sana
806 4245 840 4313 iu
865 4247 975 4316 conos
1002 4244 1145 4314 incurrit.
1197 4241 1330 4335 Aliquot
