2872 4846
174 273 274 334 XVlll
544 267 952 330 PRAEFATIO.

176 468 308 537 quorum
328 443 404 513 olim
424 440 580 511 habeatur
598 439 714 510 15οοα
744 464 804 510 nos
824 440 948 531 quidem
967 442 1063 536 plane
1082 464 1146 515 non
1167 449 1319 538 capimus.
1396 530 1400 545 Ι

176 550 292 617 Paucis
305 553 427 616 tantum
441 549 472 613 in
490 547 569 614 locis
586 549 726 613 varietas
739 548 886 613 lectionis
901 547 1060 638 adscripta
1075 555 1135 617 est.
1188 550 1244 618 nx
1257 551 1320 618 hoc

177 653 284 720 codice
310 652 517 741 negligenter
544 654 727 736 excerptam
749 650 894 716 lectionis
914 653 1100 719 varietatem
1119 652 1229 721 habuit
1247 650 1319 720 Fa-

177 757 261 845 cius3
286 775 346 821 nos
362 757 523 842 integrum
538 757 683 818 accurate
697 754 898 819 contulimus.

282 851 327 945 2)
349 853 463 924 Codex
489 853 746 922 vindobonensis
775 855 861 921 Hist.
883 854 942 922 Gr.
963 854 1121 945 liis-clim
1136 854 1195 921 18.
1211 849 1319 947 (vt.)

30 1018 34 1025 .
71 980 74 985 ·
176 960 247 1029 folii
271 959 420 1046 minoris,
455 956 641 1024 chartaceus
666 955 752 1023 haud
777 957 979 1046 ineleganter
1002 952 1157 1046 scliptus,
1195 964 1319 1025 constal

177 1064 263 1132 loliis
277 1059 371 1148 421,
397 1081 492 1147 quum
513 1058 592 1127 lolia
611 1059 764 1148 quaedam
784 1079 864 1148 pura
884 1065 957 1148 post
980 1057 1035 1126 fol.
1051 1059 1113 1127 97.
1130 1058 1215 1126 204.
1231 1057 1317 1126 254.

176 1167 316 1232 numeris
337 1168 476 1230 careant.
529 1161 566 1229 ln
586 1160 693 1229 fronte
715 1168 766 1228 est
788 1162 915 1228 mutilus
938 1166 971 1227 et
993 1161 1043 1227 his
1067 1163 1174 1251 incipit
1192 1161 1318 1229 verbis:
1347 1253 1360 1267 ,

177 1270 294 1356 [omlhu
312 1267 364 1331 dccl
383 1266 417 1330 cd
439 1269 531 1348 κῆδος
551 1263 708 1346 ἀμύναντα
730 1272 790 1329 τῶν
810 1263 941 1349 τριήρων
957 1271 1017 1327 τῶν
1029 1272 1229 1347 βαρβαρικῶν
1241 1265 1319 1328 ἀπο-

121 1398 124 1405 ·
176 1373 262 1435 λέσοι
278 1370 334 1445 τὰς
348 1366 480 1445 πολλάς,
502 1368 555 1433 lib.
575 1367 608 1434 1.
624 1388 652 1432 c.
669 1366 728 1434 16.
755 1366 805 1432 De
818 1367 934 1432 codicis
948 1371 1054 1433 aetate
1067 1365 1232 1434 Kollarius
1248 1366 1280 1431 d.
1293 1366 1318 1432 1.

104 1517 106 1520 -
175 1494 208 1563 p.
224 1470 311 1541 597.
326 1472 453 1539 disserit
466 1476 498 1537 et
512 1491 583 1536 eum
596 1490 678 1537 anno
696 1467 794 1536 1500
816 1472 966 1557 scriptum
987 1488 1060 1534 esse
1080 1471 1258 1559 suspicatur
1277 1470 1317 1534 oh

173 1575 438 1664 subscriptionem
452 1575 557 1662 operis
570 1573 648 1638 calci
660 1574 849 1659 subiectam3
863 1569 921 1637 sed
933 1571 1013 1637 haec
1025 1573 1186 1661 inscriptio
1201 1571 1239 1637 ab
1253 1571 1318 1636 alia

174 1698 272 1744 manu
285 1696 385 1764 eaque
399 1678 577 1742 recentiore
590 1695 682 1762 quam
695 1694 774 1762 quae
794 1673 934 1740 codicem
946 1676 1074 1762 scripsit
1096 1672 1242 1763 profecta
1262 1676 1317 1740 vi-

176 1778 269 1847 detur
274 1802 285 1868 3
303 1799 452 1845 numerus
470 1783 576 1844 autem
591 1782 642 1843 est
655 1776 726 1866 pipin
741 1797 801 1864 quo
816 1795 931 1842 annum
947 1774 1045 1842 1504
1061 1775 1192 1842 indicari
1205 1778 1317 1865 suspi-

175 1901 294 1948 00111111.
322 1881 360 1947 111
372 1881 451 1948 fine:
477 1883 658 1946 Παυσανίου
669 1878 816 1954 Ἑλλάδος
832 1877 1034 1962 περιηγήσεως
1044 1927 1051 1941 .
1063 1880 1316 1960 ἀττικῶν.κοριν-

175 1990 294 2048 θιακῶν
312 1984 373 2050 rel.
389 1989 424 2050 ut
442 1985 473 2049 in
496 1981 719 2071 praecedente.
771 1980 944 2070 lneptade
964 1981 1012 2047 his
1036 1981 1195 2049 codicibus
1213 1979 1316 2048 refert

173 2084 282 2172 Nibhy
294 2083 415 2175 presan.
429 2106 461 2172 p.
475 2084 554 2151 XV.
593 2083 809 2150 Paucissimae
823 2103 865 2149 ex
878 2082 939 2150 hcc
953 2082 1062 2150 codice
1075 2085 1230 2152 lectiones
1244 2103 1316 2150 cum
1431 2086 1435 2091 '

172 2185 273 2254 llario
288 2189 536 2255 communicatae
551 2190 637 2278 sunt,
654 2207 714 2253 nos
729 2189 891 2275 integrum
905 2185 1106 2254 contulimus.

276 2283 322 2377 3)
341 2287 458 2357 Codex
479 2288 657 2378 Angelicus
685 2287 720 2354 2.
746 2286 786 2356 O.
813 2287 856 2353 ll.
882 2288 1068 2356 chartaceus
1094 2288 1172 2356 lolio
1200 2282 1313 2378 (Ag),

170 2391 301 2455 saeculo
328 2389 413 2456 XIV
436 2398 595 2480 vergente
620 2396 674 2459 aut
700 2390 769 2457 XV
794 2391 964 2479 incipiente
991 2393 1139 2478 scriptus.
1191 2387 1314 2458 Multas

171 2489 267 2558 habel
281 2491 412 2556 lacunas
426 2511 485 2578 per
499 2492 710 2572 ὃμοιοτίλευτο
724 2494 779 2561 vel
792 2494 948 2561 vocabula
961 2495 1051 2581 paria
1063 2495 1192 2581 saepius
1206 2498 1314 2579 ortas3

170 2621 189 2658 ν
206 2592 417 2683 ephelcystici
439 2597 490 2659 est
511 2595 746 2660 amantissimus
766 2599 861 2661 etiam
881 2602 954 2662 ante
978 2601 1204 2682 consonantes,
1229 2593 1327 2661 unde.

170 2698 271 2761 mirae
295 2692 452 2762 interdum
473 2697 659 2762 exoriuntur
680 2696 824 2762 lectionis
845 2699 1002 2785 monstra,
1028 2702 1063 2763 ut
1081 2718 1114 2762 v.
1136 2717 1171 2786 g.
1186 2696 1234 2786 Χ,
1250 2694 1312 2786 24,

170 2799 239 2861 1101.
254 2794 315 2883 27,
341 2795 394 2860 ubl
413 2815 472 2882 pro
493 2800 544 2858 καὶ
562 2796 663 2861 ἑστίαν
684 2797 735 2883 ἐφ’
759 2791 779 2882 ᾗ
801 2796 1015 2877 Νεοπτόλεμον
1032 2796 1130 2866 habel
1154 2803 1204 2863 καὶ
1233 2799 1313 2864 ἔστιν

170 2896 318 2984 ἀνέφηνεν
331 2894 347 2960 ὅ
362 2898 529 2977 πτολὲμιον.
581 2899 752 2965 Lectiones
766 2899 917 2986 quasdem
931 2901 969 2966 ab
983 2899 1130 2968 Uhdenlo
1143 2906 1312 2990 excerptas

172 3019 243 3065 cum
266 2996 437 3069 Siebelisio
458 3002 697 3067 communicavit
716 3001 764 3068 lc.
786 3001 936 3091 'l'heoph
958 2999 1159 3093 Schneider,
1194 3005 1311 3070 aliase

170 3100 251 3168 libro
265 3103 367 3190 primo
382 3100 613 3169 Brdndstedius
627 3102 807 3194 Boettigeri
820 3105 1012 3172 Amaltheae
1026 3106 1085 3172 Ill.
1106 3128 1138 3196 p.
1154 3103 1202 3173 65
1219 3109 1311 3173 inse-

170 3204 245 3270 ruit.
271 3202 341 3268 Nos
355 3201 545 3269 contulimus
560 3208 730 3295 integrum.

212 3312 215 3325 '
274 3297 321 3391 4)
348 3301 463 3372 Codex
484 3305 687 3395 Musquensis
707 3303 800 3399 (M.)
820 3309 1027 3398 chartaceus,
1060 3308 1119 3376 fol.
1142 3309 1318 3400 eleganter·
1389 3382 1396 3393 ,

5 3486 8 3491 Ι
170 3407 252 3475 satis
264 3408 399 3505 scriptus
412 3406 496 3475 foliis
512 3408 586 3476 280
608 3412 646 3477 ab
659 3409 787 3478 lledoro
800 3411 966 3478 Andreew
979 3431 1062 3478 anno
1080 3409 1178 3480 1775
1192 3430 1311 3478 nume-
1420 3414 1424 3421 '

11 3571 15 3579 .
27 3512 56 3593 ,ξ’
90 3598 96 3605 ¹
171 3511 250 3577 ratis
270 3516 303 3577 et
322 3511 476 3600 signatis,
513 3511 596 3599 quod
616 3517 684 3602 ipse
705 3533 764 3579 sua
785 3535 879 3581 manu
900 3519 1045 3581 testatur.
1097 3514 1136 3581 ln
1158 3514 1309 3605 catalogo

171 3617 255 3679 msto
267 3632 432 3680 numerum
446 3617 530 3702 gerit
545 3612 631 3705 195,
658 3619 793 3706 egregie
812 3623 862 3684 est
881 3622 1088 3686 conservatus
1102 3621 1186 3685 circa
1197 3617 1309 3707 magni

172 3713 307 3782 incendii
326 3722 450 3804 tempus
468 3718 499 3781 in
519 3718 592 3784 loca
612 3717 697 3785 haud
710 3718 801 3785 dubie
814 3722 932 3786 tutiora
946 3717 1108 3787 abductus.
1161 3715 1308 3808 Scriptus

172 3815 298 3884 videtur
316 3820 445 3885 saeculo
468 3818 552 3885 XIV
572 3821 655 3908 quod
668 3824 769 3910 primo
782 3819 860 3890 folio
875 3823 1032 3909 inscripsit
1047 3824 1204 3889 nescimus
1220 3823 1307 3907 quis3

44 3938 48 3947 ’
172 3920 554 3990 eGraecialllcscoviam
573 3925 762 3992 translatum
782 3944 854 3992 esse
873 3945 915 3991 ex
935 3924 999 3989 alia
1018 3922 1233 3991 concludimus
1252 3923 1308 3988 in-

168 4025 341 4113 scriptione
359 4029 391 4089 ἓκ
414 4033 474 4090 τῶν
493 4030 625 4107 μαξίμου
648 4026 812 4092 ἐπισκόπου
834 4026 990 4113 αοθήοων.
1048 4021 1308 4111 0001110110οΜ

168 4127 379 4215 praemittitur
392 4127 507 4216 ῑβήρων
520 4127 592 4220 quid
606 4130 663 4196 sihi
676 4129 755 4197 velit
765 4151 830 4198 non
843 4132 994 4197 eruimus.
1046 4128 1083 4196 ln
1095 4122 1307 4195 line²c0dicisr

165 4229 251 4337 τέλοςΙ
263 4231 445 4301 Παυσανίου
461 4229 608 4311 Ἑλλάδος
619 4232 822 4321 περιηγήσεως
835 4259 844 4298 :
861 4234 989 4300 dcccxciv
1003 4279 1013 4298 .
1029 4236 1232 4320 mopsuestensis
1244 4233 1309 4299 eet·
