<?xml version="1.0" encoding="UTF-8"?>
<!DOCTYPE html PUBLIC "-//W3C//DTD XHTML 1.0 Transitional//EN"
    "http://www.w3.org/TR/xhtml1/DTD/xhtml1-transitional.dtd">
<html xmlns="http://www.w3.org/1999/xhtml" xml:lang="en" lang="en">
 <head>
  <title>
</title>
<meta http-equiv="Content-Type" content="text/html;charset=utf-8" />
  <meta name='ocr-system' content='tesseract 3.04.00' />
  <meta name='ocr-capabilities' content='ocr_page ocr_carea ocr_par ocr_line ocrx_word'/>
</head>
<body>
  <div class='ocr_page' id='page_1' title='image "./pausaniaedescri01pausgoog_0060.png"; bbox 0 0 2872 4846; ppageno 0'>
   <div class='ocr_carea' id='block_1_1' title="bbox 319 256 1247 327">
    <p class='ocr_par' dir='ltr' id='par_1_1' title="bbox 319 256 1247 327">
     <span class='ocr_line' id='line_1_1' title="bbox 319 256 1247 327; baseline 0.005 -9"><span class='ocrx_word' id='word_1_1' title='bbox 319 275 321 279; x_wconf 72' lang='grc'>’</span> <span class='ocrx_word' id='word_1_2' title='bbox 444 258 520 320; x_wconf 79' lang='lat' dir='ltr'><strong>ne</strong></span> <span class='ocrx_word' id='word_1_3' title='bbox 538 260 568 322; x_wconf 76' lang='lat' dir='ltr'>A</span> <span class='ocrx_word' id='word_1_4' title='bbox 590 257 666 320; x_wconf 69' lang='grc' dir='ltr'><strong>Μ’</strong></span> <span class='ocrx_word' id='word_1_5' title='bbox 686 258 714 319; x_wconf 81' lang='grc' dir='ltr'><strong>Δ</strong></span> <span class='ocrx_word' id='word_1_6' title='bbox 734 256 871 327; x_wconf 41' lang='lat' dir='ltr'><strong>nelos</strong></span> <span class='ocrx_word' id='word_1_7' title='bbox 998 318 1000 321; x_wconf 83' lang='grc'>,</span> <span class='ocrx_word' id='word_1_8' title='bbox 1122 259 1247 323; x_wconf 70' lang='lat' dir='ltr'><strong>KWllt</strong></span> 
     </span>
    </p>
   </div>
   <div class='ocr_carea' id='block_1_2' title="bbox 100 427 1331 933">
    <p class='ocr_par' dir='ltr' id='par_1_2' title="bbox 100 427 1331 933">
     <span class='ocr_line' id='line_1_2' title="bbox 110 427 1331 524; baseline -0.004 -21"><span class='ocrx_word' id='word_1_9' title='bbox 110 445 196 518; x_wconf 88' lang='lat' dir='ltr'><strong>retro</strong></span> <span class='ocrx_word' id='word_1_10' title='bbox 221 435 439 524; x_wconf 78' lang='lat' dir='ltr'><strong>argumentari</strong></span> <span class='ocrx_word' id='word_1_11' title='bbox 459 431 643 519; x_wconf 81' lang='lat' dir='ltr'><strong>videamur3</strong></span> <span class='ocrx_word' id='word_1_12' title='bbox 687 431 728 498; x_wconf 88' lang='lat' dir='ltr'><strong>ad</strong></span> <span class='ocrx_word' id='word_1_13' title='bbox 748 449 973 499; x_wconf 81' lang='lat' dir='ltr'><strong>communem</strong></span> <span class='ocrx_word' id='word_1_14' title='bbox 992 428 1077 496; x_wconf 92' lang='lat' dir='ltr'><strong>enim</strong></span> <span class='ocrx_word' id='word_1_15' title='bbox 1097 427 1255 496; x_wconf 77' lang='lat' dir='ltr'><strong>omnium</strong></span> <span class='ocrx_word' id='word_1_16' title='bbox 1328 494 1331 498; x_wconf 86' lang='lat'>.</span> 
     </span>
     <span class='ocr_line' id='line_1_3' title="bbox 100 530 1255 628; baseline -0.004 -24"><span class='ocrx_word' id='word_1_17' title='bbox 100 535 248 628; x_wconf 82' lang='lat' dir='ltr'><strong>sontem</strong></span> <span class='ocrx_word' id='word_1_18' title='bbox 260 535 368 603; x_wconf 88' lang='lat' dir='ltr'><strong>redire</strong></span> <span class='ocrx_word' id='word_1_19' title='bbox 382 557 423 603; x_wconf 91' lang='lat' dir='ltr'><strong>ne</strong></span> <span class='ocrx_word' id='word_1_20' title='bbox 437 532 691 627; x_wconf 78' lang='lat' dir='ltr'><strong>argumentando</strong></span> <span class='ocrx_word' id='word_1_21' title='bbox 705 533 831 622; x_wconf 89' lang='lat' dir='ltr'><strong>quidem</strong></span> <span class='ocrx_word' id='word_1_22' title='bbox 844 531 940 600; x_wconf 88' lang='lat' dir='ltr'><strong>facile</strong></span> <span class='ocrx_word' id='word_1_23' title='bbox 952 532 1069 600; x_wconf 86' lang='lat' dir='ltr'><strong>licebit.</strong></span> <span class='ocrx_word' id='word_1_24' title='bbox 1104 530 1255 622; x_wconf 54' lang='lat' dir='ltr'><strong>Progne*</strong></span> 
     </span>
     <span class='ocr_line' id='line_1_4' title="bbox 111 633 1257 729; baseline -0.003 -22"><span class='ocrx_word' id='word_1_25' title='bbox 111 642 233 707; x_wconf 90' lang='lat' dir='ltr'><strong>diamur</strong></span> <span class='ocrx_word' id='word_1_26' title='bbox 247 646 355 708; x_wconf 90' lang='lat' dir='ltr'><strong>autem</strong></span> <span class='ocrx_word' id='word_1_27' title='bbox 370 639 410 705; x_wconf 91' lang='lat' dir='ltr'><strong>ad</strong></span> <span class='ocrx_word' id='word_1_28' title='bbox 424 637 564 729; x_wconf 75' lang='lat' dir='ltr'><strong>singrda.</strong></span> <span class='ocrx_word' id='word_1_29' title='bbox 617 637 718 726; x_wconf 84' lang='lat' dir='ltr'>VIII,</span> <span class='ocrx_word' id='word_1_30' title='bbox 743 634 806 727; x_wconf 89' lang='grc'><strong>35,</strong></span> <span class='ocrx_word' id='word_1_31' title='bbox 832 636 867 703; x_wconf 83' lang='grc'><strong>2.</strong></span> <span class='ocrx_word' id='word_1_32' title='bbox 893 635 1012 705; x_wconf 88' lang='lat' dir='ltr'><strong>babent</strong></span> <span class='ocrx_word' id='word_1_33' title='bbox 1035 633 1194 704; x_wconf 75' lang='lat' dir='ltr'><strong>editiones</strong></span> <span class='ocrx_word' id='word_1_34' title='bbox 1222 641 1257 704; x_wconf 86' lang='lat' dir='ltr'><strong>et</strong></span> 
     </span>
     <span class='ocr_line' id='line_1_5' title="bbox 109 733 1256 832; baseline -0.003 -24"><span class='ocrx_word' id='word_1_35' title='bbox 109 744 252 832; x_wconf 78' lang='lat' dir='ltr'><strong>plerique</strong></span> <span class='ocrx_word' id='word_1_36' title='bbox 266 740 410 809; x_wconf 74' lang='lat' dir='ltr'><strong>codices:</strong></span> <span class='ocrx_word' id='word_1_37' title='bbox 436 744 604 825; x_wconf 88' lang='grc' dir='ltr'><em>μεσσηνίων</em></span> <span class='ocrx_word' id='word_1_38' title='bbox 620 744 671 806; x_wconf 86' lang='grc' dir='ltr'><strong>καὶ</strong></span> <span class='ocrx_word' id='word_1_39' title='bbox 688 733 771 804; x_wconf 73' lang='grc' dir='ltr'><em>οὗτοι</em></span> <span class='ocrx_word' id='word_1_40' title='bbox 787 743 838 803; x_wconf 89' lang='grc' dir='ltr'><strong>καὶ</strong></span> <span class='ocrx_word' id='word_1_41' title='bbox 855 738 1017 824; x_wconf 77' lang='grc' dir='ltr'><em>ἀγάλματα</em></span> <span class='ocrx_word' id='word_1_42' title='bbox 1033 744 1080 803; x_wconf 88' lang='grc' dir='ltr'><strong>κλ.</strong></span> <span class='ocrx_word' id='word_1_43' title='bbox 1133 733 1256 808; x_wconf 73' lang='lat' dir='ltr'><strong>Siebe·</strong></span> 
     </span>
     <span class='ocr_line' id='line_1_6' title="bbox 110 839 1276 933; baseline -0.002 -23"><span class='ocrx_word' id='word_1_44' title='bbox 110 846 173 911; x_wconf 89' lang='lat' dir='ltr'><strong>lisii</strong></span> <span class='ocrx_word' id='word_1_45' title='bbox 188 843 229 910; x_wconf 90' lang='lat' dir='ltr'><strong>ad</strong></span> <span class='ocrx_word' id='word_1_46' title='bbox 242 845 326 911; x_wconf 88' lang='lat' dir='ltr'><strong>hunc</strong></span> <span class='ocrx_word' id='word_1_47' title='bbox 338 844 444 912; x_wconf 91' lang='lat' dir='ltr'><strong>locum</strong></span> <span class='ocrx_word' id='word_1_48' title='bbox 456 852 532 913; x_wconf 87' lang='lat' dir='ltr'><strong>nota</strong></span> <span class='ocrx_word' id='word_1_49' title='bbox 546 851 614 912; x_wconf 84' lang='lat' dir='ltr'><strong>est:</strong></span> <span class='ocrx_word' id='word_1_50' title='bbox 642 842 871 933; x_wconf 83' lang='lat' dir='ltr'><strong>„memorabile</strong></span> <span class='ocrx_word' id='word_1_51' title='bbox 885 849 992 910; x_wconf 88' lang='lat' dir='ltr'><strong>autem</strong></span> <span class='ocrx_word' id='word_1_52' title='bbox 1006 839 1089 928; x_wconf 86' lang='lat' dir='ltr'><strong>quod</strong></span> <span class='ocrx_word' id='word_1_53' title='bbox 1103 860 1163 928; x_wconf 92' lang='lat' dir='ltr'><strong>pro</strong></span> <span class='ocrx_word' id='word_1_54' title='bbox 1176 841 1256 908; x_wconf 57' lang='lat' dir='ltr'><strong>vul*-</strong></span> <span class='ocrx_word' id='word_1_55' title='bbox 1271 848 1276 859; x_wconf 95' lang='grc'><strong><em>’</em></strong></span> 
     </span>
    </p>
   </div>
   <div class='ocr_carea' id='block_1_3' title="bbox 110 939 1366 1037">
    <p class='ocr_par' dir='ltr' id='par_1_3' title="bbox 110 939 1366 1037">
     <span class='ocr_line' id='line_1_7' title="bbox 110 939 1366 1037; baseline -0.002 -25"><span class='ocrx_word' id='word_1_56' title='bbox 110 954 188 1037; x_wconf 82' lang='lat' dir='ltr'><strong>gato</strong></span> <span class='ocrx_word' id='word_1_57' title='bbox 205 951 254 1011; x_wconf 78' lang='grc' dir='ltr'><strong>καὶ</strong></span> <span class='ocrx_word' id='word_1_58' title='bbox 270 939 352 1032; x_wconf 76' lang='grc' dir='ltr'><em>οὗτοι</em></span> <span class='ocrx_word' id='word_1_59' title='bbox 366 946 473 1035; x_wconf 86' lang='lat' dir='ltr'><strong>Mosq.</strong></span> <span class='ocrx_word' id='word_1_60' title='bbox 490 946 621 1014; x_wconf 83' lang='lat' dir='ltr'>exhibet</span> <span class='ocrx_word' id='word_1_61' title='bbox 634 945 703 1033; x_wconf 76' lang='grc' dir='ltr'><em>εὗρέ</em></span> <span class='ocrx_word' id='word_1_62' title='bbox 715 953 792 1022; x_wconf 80' lang='grc' dir='ltr'><em>τις.“</em></span> <span class='ocrx_word' id='word_1_63' title='bbox 842 944 969 1014; x_wconf 79' lang='lat' dir='ltr'><strong>Deinde</strong></span> <span class='ocrx_word' id='word_1_64' title='bbox 983 942 1024 1009; x_wconf 91' lang='lat' dir='ltr'><strong>ad</strong></span> <span class='ocrx_word' id='word_1_65' title='bbox 1038 943 1129 1032; x_wconf 79' lang='lat' dir='ltr'>VIII,</span> <span class='ocrx_word' id='word_1_66' title='bbox 1142 940 1204 1031; x_wconf 83' lang='lat'><strong>36,</strong></span> <span class='ocrx_word' id='word_1_67' title='bbox 1219 939 1255 1010; x_wconf 90' lang='grc'><strong>5.</strong></span> <span class='ocrx_word' id='word_1_68' title='bbox 1360 1027 1366 1032; x_wconf 25' lang='lat'><strong><em>¹</em></strong></span> 
     </span>
    </p>
   </div>
   <div class='ocr_carea' id='block_1_4' title="bbox 12 1046 1339 2880">
    <p class='ocr_par' dir='ltr' id='par_1_4' title="bbox 12 1046 1339 2880">
     <span class='ocr_line' id='line_1_8' title="bbox 110 1046 1317 1137; baseline -0.002 -21"><span class='ocrx_word' id='word_1_69' title='bbox 110 1051 163 1116; x_wconf 86' lang='lat' dir='ltr'><strong>ubi</strong></span> <span class='ocrx_word' id='word_1_70' title='bbox 183 1048 423 1132; x_wconf 71' lang='grc' dir='ltr'><em>ἐπιτεχνημάτων</em></span> <span class='ocrx_word' id='word_1_71' title='bbox 443 1048 565 1136; x_wconf 72' lang='grc' dir='ltr'><em>εὑρέτις.</em></span> <span class='ocrx_word' id='word_1_72' title='bbox 591 1052 761 1132; x_wconf 87' lang='grc' dir='ltr'><em>Πεποίηται</em></span> <span class='ocrx_word' id='word_1_73' title='bbox 779 1048 920 1137; x_wconf 75' lang='lat' dir='ltr'><strong>legitur,</strong></span> <span class='ocrx_word' id='word_1_74' title='bbox 946 1046 1122 1136; x_wconf 75' lang='lat' dir='ltr'><strong>„Notabile</strong></span> <span class='ocrx_word' id='word_1_75' title='bbox 1137 1051 1255 1135; x_wconf 71' lang='lat' dir='ltr'><strong>autem,</strong></span> <span class='ocrx_word' id='word_1_76' title='bbox 1310 1050 1317 1062; x_wconf 75' lang='grc'><strong>”</strong></span> 
     </span>
     <span class='ocr_line' id='line_1_9' title="bbox 112 1142 1257 1240; baseline -0.001 -26"><span class='ocrx_word' id='word_1_77' title='bbox 112 1153 156 1219; x_wconf 89' lang='lat' dir='ltr'><strong>ait</strong></span> <span class='ocrx_word' id='word_1_78' title='bbox 170 1148 327 1240; x_wconf 78' lang='lat' dir='ltr'><strong>Sicbelis,</strong></span> <span class='ocrx_word' id='word_1_79' title='bbox 354 1151 437 1239; x_wconf 86' lang='lat' dir='ltr'><strong>quod</strong></span> <span class='ocrx_word' id='word_1_80' title='bbox 452 1160 526 1222; x_wconf 87' lang='lat' dir='ltr'><strong>ante</strong></span> <span class='ocrx_word' id='word_1_81' title='bbox 543 1150 655 1238; x_wconf 70' lang='grc' dir='ltr'><em>εὑρέτις</em></span> <span class='ocrx_word' id='word_1_82' title='bbox 666 1149 774 1240; x_wconf 86' lang='lat' dir='ltr'><strong>Mosq.</strong></span> <span class='ocrx_word' id='word_1_83' title='bbox 789 1158 845 1215; x_wconf 79' lang='grc' dir='ltr'><em>τοῦ</em></span> <span class='ocrx_word' id='word_1_84' title='bbox 858 1157 935 1214; x_wconf 82' lang='grc' dir='ltr'><em>ναοῦ</em></span> <span class='ocrx_word' id='word_1_85' title='bbox 952 1151 1108 1218; x_wconf 74' lang='lat' dir='ltr'><strong>Insertum</strong></span> <span class='ocrx_word' id='word_1_86' title='bbox 1121 1142 1257 1215; x_wconf 72' lang='lat' dir='ltr'><strong>babet-‘i</strong></span> 
     </span>
     <span class='ocr_line' id='line_1_10' title="bbox 68 1249 1258 1341; baseline -0.003 -21"><span class='ocrx_word' id='word_1_87' title='bbox 68 1292 71 1296; x_wconf 58' lang='lat'><strong><em>&gt;</em></strong></span> <span class='ocrx_word' id='word_1_88' title='bbox 110 1252 157 1320; x_wconf 84' lang='lat' dir='ltr'><strong>At</strong></span> <span class='ocrx_word' id='word_1_89' title='bbox 168 1273 282 1341; x_wconf 89' lang='lat' dir='ltr'><strong>parum</strong></span> <span class='ocrx_word' id='word_1_90' title='bbox 296 1262 476 1323; x_wconf 85' lang='lat' dir='ltr'><strong>accuratam</strong></span> <span class='ocrx_word' id='word_1_91' title='bbox 488 1256 633 1323; x_wconf 89' lang='lat' dir='ltr'><strong>notitiam</strong></span> <span class='ocrx_word' id='word_1_92' title='bbox 645 1254 755 1321; x_wconf 90' lang='lat' dir='ltr'><strong>habuit</strong></span> <span class='ocrx_word' id='word_1_93' title='bbox 768 1249 975 1339; x_wconf 75' lang='lat' dir='ltr'><strong>Siebclisius3</strong></span> <span class='ocrx_word' id='word_1_94' title='bbox 1010 1252 1124 1319; x_wconf 88' lang='lat' dir='ltr'><strong>melius</strong></span> <span class='ocrx_word' id='word_1_95' title='bbox 1137 1269 1258 1317; x_wconf 86' lang='lat' dir='ltr'><strong>excer-</strong></span> 
     </span>
     <span class='ocr_line' id='line_1_11' title="bbox 111 1347 1317 1447; baseline -0.002 -24"><span class='ocrx_word' id='word_1_96' title='bbox 111 1362 166 1444; x_wconf 84' lang='lat' dir='ltr'><strong>pta</strong></span> <span class='ocrx_word' id='word_1_97' title='bbox 178 1357 365 1425; x_wconf 79' lang='lat' dir='ltr'><strong>nostrasio:</strong></span> <span class='ocrx_word' id='word_1_98' title='bbox 384 1356 477 1443; x_wconf 58' lang='grc' dir='ltr'><em>,ὅροι</em></span> <span class='ocrx_word' id='word_1_99' title='bbox 492 1361 677 1440; x_wconf 73' lang='grc' dir='ltr'><em>Μεσσηνίων</em></span> <span class='ocrx_word' id='word_1_100' title='bbox 694 1349 764 1442; x_wconf 72' lang='grc' dir='ltr'><em>εὗρέ</em></span> <span class='ocrx_word' id='word_1_101' title='bbox 779 1384 825 1433; x_wconf 84' lang='grc' dir='ltr'><em>τις</em></span> <span class='ocrx_word' id='word_1_102' title='bbox 848 1354 917 1447; x_wconf 82' lang='lat' dir='ltr'><strong>(sie</strong></span> <span class='ocrx_word' id='word_1_103' title='bbox 939 1357 972 1421; x_wconf 85' lang='lat' dir='ltr'><strong>in</strong></span> <span class='ocrx_word' id='word_1_104' title='bbox 996 1355 1115 1423; x_wconf 74' lang='lat' dir='ltr'><strong>nestris</strong></span> <span class='ocrx_word' id='word_1_105' title='bbox 1138 1347 1256 1445; x_wconf 50' lang='grc' dir='ltr'><em>αἰετὼ</em></span> <span class='ocrx_word' id='word_1_106' title='bbox 1314 1392 1317 1393; x_wconf 43' lang='grc'>’</span> 
     </span>
     <span class='ocr_line' id='line_1_12' title="bbox 110 1455 1257 1546; baseline -0.001 -24"><span class='ocrx_word' id='word_1_107' title='bbox 110 1459 141 1523; x_wconf 90' lang='lat' dir='ltr'><strong>in</strong></span> <span class='ocrx_word' id='word_1_108' title='bbox 156 1459 302 1546; x_wconf 77' lang='lat' dir='ltr'><strong>margine</strong></span> <span class='ocrx_word' id='word_1_109' title='bbox 314 1459 461 1528; x_wconf 87' lang='lat' dir='ltr'><strong>editionis</strong></span> <span class='ocrx_word' id='word_1_110' title='bbox 475 1460 508 1526; x_wconf 88' lang='grc' dir='ltr'>Κ</span> <span class='ocrx_word' id='word_1_111' title='bbox 520 1460 571 1526; x_wconf 92' lang='lat' dir='ltr'><strong>cui</strong></span> <span class='ocrx_word' id='word_1_112' title='bbox 583 1460 679 1530; x_wconf 89' lang='lat' dir='ltr'><strong>lectio</strong></span> <span class='ocrx_word' id='word_1_113' title='bbox 691 1460 819 1527; x_wconf 84' lang='lat' dir='ltr'><strong>varians</strong></span> <span class='ocrx_word' id='word_1_114' title='bbox 835 1456 904 1526; x_wconf 88' lang='grc' dir='ltr'><strong>εΜ</strong></span> <span class='ocrx_word' id='word_1_115' title='bbox 917 1456 1078 1546; x_wconf 85' lang='lat' dir='ltr'><strong>adscripta</strong></span> <span class='ocrx_word' id='word_1_116' title='bbox 1089 1465 1151 1544; x_wconf 83' lang='lat' dir='ltr'><strong>est,</strong></span> <span class='ocrx_word' id='word_1_117' title='bbox 1172 1455 1257 1522; x_wconf 85' lang='lat' dir='ltr'><strong>idem</strong></span> 
     </span>
     <span class='ocr_line' id='line_1_13' title="bbox 111 1558 1257 1651; baseline -0.001 -25"><span class='ocrx_word' id='word_1_118' title='bbox 111 1560 240 1648; x_wconf 81' lang='lat' dir='ltr'><strong>signum</strong></span> <span class='ocrx_word' id='word_1_119' title='bbox 267 1563 423 1650; x_wconf 87' lang='lat' dir='ltr'><strong>repetitur</strong></span> <span class='ocrx_word' id='word_1_120' title='bbox 449 1561 511 1628; x_wconf 85' lang='lat' dir='ltr'><strong>hac</strong></span> <span class='ocrx_word' id='word_1_121' title='bbox 538 1561 646 1630; x_wconf 87' lang='lat' dir='ltr'><strong>addita</strong></span> <span class='ocrx_word' id='word_1_122' title='bbox 670 1569 749 1630; x_wconf 89' lang='lat' dir='ltr'><strong>nota</strong></span> <span class='ocrx_word' id='word_1_123' title='bbox 776 1561 1000 1651; x_wconf 86' lang='lat' dir='ltr'><strong>„„sequentia</strong></span> <span class='ocrx_word' id='word_1_124' title='bbox 1019 1563 1070 1647; x_wconf 77' lang='lat' dir='ltr'><strong>xci</strong></span> <span class='ocrx_word' id='word_1_125' title='bbox 1094 1558 1257 1642; x_wconf 73' lang='grc' dir='ltr'><em>ἀγάλματα</em></span> 
     </span>
     <span class='ocr_line' id='line_1_14' title="bbox 28 1650 1257 1753; baseline -0.006 -25"><span class='ocrx_word' id='word_1_126' title='bbox 28 1650 32 1656; x_wconf 70' lang='grc'><strong>’</strong></span> <span class='ocrx_word' id='word_1_127' title='bbox 111 1660 230 1728; x_wconf 85' lang='lat' dir='ltr'><strong>videin</strong></span> <span class='ocrx_word' id='word_1_128' title='bbox 246 1660 330 1730; x_wconf 78' lang='lat' dir='ltr'><strong>ece.</strong></span> <span class='ocrx_word' id='word_1_129' title='bbox 346 1685 378 1753; x_wconf 87' lang='lat' dir='ltr'><strong>p.</strong></span> <span class='ocrx_word' id='word_1_130' title='bbox 394 1660 541 1732; x_wconf 73' lang='lat'><strong>359.‘⁴‘⁴</strong></span> <span class='ocrx_word' id='word_1_131' title='bbox 591 1664 752 1752; x_wconf 87' lang='lat' dir='ltr'><strong>Deinceps</strong></span> <span class='ocrx_word' id='word_1_132' title='bbox 767 1684 838 1752; x_wconf 86' lang='lat' dir='ltr'><strong>cap.</strong></span> <span class='ocrx_word' id='word_1_133' title='bbox 854 1661 916 1752; x_wconf 86' lang='grc'><strong>36,</strong></span> <span class='ocrx_word' id='word_1_134' title='bbox 940 1660 962 1730; x_wconf 89' lang='grc'><strong>5</strong></span> <span class='ocrx_word' id='word_1_135' title='bbox 983 1662 1036 1728; x_wconf 85' lang='lat' dir='ltr'><strong>fin.</strong></span> <span class='ocrx_word' id='word_1_136' title='bbox 1056 1659 1257 1745; x_wconf 66' lang='grc' dir='ltr'><em>ἐπαεχνημά.</em></span> 
     </span>
     <span class='ocr_line' id='line_1_15' title="bbox 112 1762 1294 1855; baseline 0.001 -25"><span class='ocrx_word' id='word_1_137' title='bbox 112 1790 171 1830; x_wconf 92' lang='grc' dir='ltr'><strong>των</strong></span> <span class='ocrx_word' id='word_1_138' title='bbox 187 1772 241 1828; x_wconf 78' lang='grc' dir='ltr'><em>τοῦ</em></span> <span class='ocrx_word' id='word_1_139' title='bbox 257 1773 334 1830; x_wconf 77' lang='grc' dir='ltr'><em>ναοῦ</em></span> <span class='ocrx_word' id='word_1_140' title='bbox 349 1773 413 1847; x_wconf 84' lang='grc' dir='ltr'><strong>κλ.,·</strong></span> <span class='ocrx_word' id='word_1_141' title='bbox 448 1770 500 1855; x_wconf 88' lang='lat' dir='ltr'><strong>qui</strong></span> <span class='ocrx_word' id='word_1_142' title='bbox 515 1766 591 1833; x_wconf 75' lang='lat' dir='ltr'><strong>feeit</strong></span> <span class='ocrx_word' id='word_1_143' title='bbox 605 1767 809 1836; x_wconf 83' lang='lat' dir='ltr'><strong>collationem</strong></span> <span class='ocrx_word' id='word_1_144' title='bbox 820 1785 933 1832; x_wconf 76' lang='lat' dir='ltr'><strong>vocem</strong></span> <span class='ocrx_word' id='word_1_145' title='bbox 949 1762 1104 1848; x_wconf 79' lang='grc' dir='ltr'><em>εὖρίτιςίο</em></span> <span class='ocrx_word' id='word_1_146' title='bbox 1118 1762 1258 1834; x_wconf 76' lang='lat' dir='ltr'><strong>editione</strong></span> <span class='ocrx_word' id='word_1_147' title='bbox 1291 1817 1294 1823; x_wconf 83' lang='lat'>.</span> 
     </span>
     <span class='ocr_line' id='line_1_16' title="bbox 111 1861 1334 1959; baseline -0.001 -25"><span class='ocrx_word' id='word_1_148' title='bbox 111 1868 200 1934; x_wconf 86' lang='lat' dir='ltr'><strong>uncis</strong></span> <span class='ocrx_word' id='word_1_149' title='bbox 219 1867 348 1935; x_wconf 85' lang='lat' dir='ltr'><strong>inclusit</strong></span> <span class='ocrx_word' id='word_1_150' title='bbox 372 1867 481 1938; x_wconf 86' lang='lat' dir='ltr'><strong>addita</strong></span> <span class='ocrx_word' id='word_1_151' title='bbox 497 1877 593 1952; x_wconf 86' lang='lat' dir='ltr'><strong>nota:</strong></span> <span class='ocrx_word' id='word_1_152' title='bbox 620 1916 643 1959; x_wconf 82' lang='lat'><strong>„</strong></span> <span class='ocrx_word' id='word_1_153' title='bbox 652 1868 752 1959; x_wconf 85' lang='lat' dir='ltr'><strong>„vide</strong></span> <span class='ocrx_word' id='word_1_154' title='bbox 771 1870 804 1935; x_wconf 93' lang='lat' dir='ltr'><strong>in</strong></span> <span class='ocrx_word' id='word_1_155' title='bbox 826 1867 902 1936; x_wconf 81' lang='lat' dir='ltr'><strong>edit.</strong></span> <span class='ocrx_word' id='word_1_156' title='bbox 924 1888 956 1956; x_wconf 92' lang='lat' dir='ltr'><strong>p.</strong></span> <span class='ocrx_word' id='word_1_157' title='bbox 972 1861 1121 1935; x_wconf 73' lang='lat'><strong><em>676.“⁴⁴</em></strong></span> <span class='ocrx_word' id='word_1_158' title='bbox 1171 1865 1258 1934; x_wconf 78' lang='lat' dir='ltr'><strong>Rem</strong></span> <span class='ocrx_word' id='word_1_159' title='bbox 1333 1902 1334 1912; x_wconf 32' lang='grc' dir='ltr'><em>ο</em></span> 
     </span>
     <span class='ocr_line' id='line_1_17' title="bbox 112 1967 1258 2061; baseline 0 -26"><span class='ocrx_word' id='word_1_160' title='bbox 112 1988 153 2035; x_wconf 87' lang='lat' dir='ltr'><strong>ne</strong></span> <span class='ocrx_word' id='word_1_161' title='bbox 166 1970 213 2035; x_wconf 80' lang='lat' dir='ltr'><strong>sic</strong></span> <span class='ocrx_word' id='word_1_162' title='bbox 228 1967 353 2056; x_wconf 91' lang='lat' dir='ltr'><strong>quidem</strong></span> <span class='ocrx_word' id='word_1_163' title='bbox 365 1973 444 2040; x_wconf 87' lang='lat' dir='ltr'><strong>satis</strong></span> <span class='ocrx_word' id='word_1_164' title='bbox 458 1973 579 2054; x_wconf 81' lang='lat' dir='ltr'><strong>claram</strong></span> <span class='ocrx_word' id='word_1_165' title='bbox 593 1973 719 2040; x_wconf 90' lang='lat' dir='ltr'><strong>omnino</strong></span> <span class='ocrx_word' id='word_1_166' title='bbox 732 1969 865 2061; x_wconf 84' lang='lat' dir='ltr'><strong>expedit</strong></span> <span class='ocrx_word' id='word_1_167' title='bbox 877 1969 959 2059; x_wconf 70' lang='lat' dir='ltr'><strong>va,</strong></span> <span class='ocrx_word' id='word_1_168' title='bbox 976 1972 1009 2036; x_wconf 88' lang='lat' dir='ltr'><strong>in</strong></span> <span class='ocrx_word' id='word_1_169' title='bbox 1024 1990 1085 2058; x_wconf 85' lang='lat' dir='ltr'><strong>quo</strong></span> <span class='ocrx_word' id='word_1_170' title='bbox 1099 1969 1258 2059; x_wconf 77' lang='lat' dir='ltr'><strong>legimus:</strong></span> 
     </span>
     <span class='ocr_line' id='line_1_18' title="bbox 112 2070 1280 2162; baseline 0.003 -27"><span class='ocrx_word' id='word_1_171' title='bbox 112 2071 179 2157; x_wconf 83' lang='grc' dir='ltr'><em>ὅροι</em></span> <span class='ocrx_word' id='word_1_172' title='bbox 195 2077 381 2157; x_wconf 77' lang='grc' dir='ltr'><em>Μεσσηνίων</em></span> <span class='ocrx_word' id='word_1_173' title='bbox 397 2073 511 2162; x_wconf 59' lang='lat' dir='ltr'><strong>sepem</strong></span> <span class='ocrx_word' id='word_1_174' title='bbox 527 2122 536 2139; x_wconf 91' lang='lat'><strong>.</strong></span> <span class='ocrx_word' id='word_1_175' title='bbox 552 2078 710 2158; x_wconf 68' lang='lat' dir='ltr'><strong>mancipem</strong></span> <span class='ocrx_word' id='word_1_176' title='bbox 727 2077 760 2139; x_wconf 77' lang='grc' dir='ltr'><strong>δὲ</strong></span> <span class='ocrx_word' id='word_1_177' title='bbox 776 2077 808 2139; x_wconf 76' lang='grc' dir='ltr'><strong>ἐν</strong></span> <span class='ocrx_word' id='word_1_178' title='bbox 825 2077 909 2162; x_wconf 86' lang='grc' dir='ltr'><em>δεξιᾷ</em></span> <span class='ocrx_word' id='word_1_179' title='bbox 929 2079 984 2155; x_wconf 85' lang='grc' dir='ltr'><em>τῆς</em></span> <span class='ocrx_word' id='word_1_180' title='bbox 1003 2070 1079 2137; x_wconf 81' lang='grc' dir='ltr'><em>ὁδοῦ</em></span> <span class='ocrx_word' id='word_1_181' title='bbox 1093 2073 1196 2161; x_wconf 75' lang='grc' dir='ltr'><em>Βορέην</em></span> <span class='ocrx_word' id='word_1_182' title='bbox 1214 2077 1260 2159; x_wconf 77' lang='grc' dir='ltr'><em>τᾷ</em></span> <span class='ocrx_word' id='word_1_183' title='bbox 1275 2097 1280 2104; x_wconf 92' lang='grc'><strong><em>·</em></strong></span> 
     </span>
     <span class='ocr_line' id='line_1_19' title="bbox 12 2169 1259 2269; baseline 0.001 -30"><span class='ocrx_word' id='word_1_184' title='bbox 12 2237 14 2239; x_wconf 85' lang='grc'>,</span> <span class='ocrx_word' id='word_1_185' title='bbox 113 2176 213 2262; x_wconf 82' lang='grc' dir='ltr'><em>άνίμῳ</em></span> <span class='ocrx_word' id='word_1_186' title='bbox 228 2179 367 2259; x_wconf 74' lang='grc' dir='ltr'><em>τέμενος·</em></span> <span class='ocrx_word' id='word_1_187' title='bbox 390 2182 444 2259; x_wconf 85' lang='grc' dir='ltr'><strong>καί</strong></span> <span class='ocrx_word' id='word_1_188' title='bbox 455 2180 484 2243; x_wconf 78' lang='grc' dir='ltr'><strong>οἳ</strong></span> <span class='ocrx_word' id='word_1_189' title='bbox 498 2203 564 2261; x_wconf 78' lang='grc' dir='ltr'><em>μεχ.</em></span> <span class='ocrx_word' id='word_1_190' title='bbox 580 2175 673 2269; x_wconf 78' lang='lat' dir='ltr'><strong>(cap.</strong></span> <span class='ocrx_word' id='word_1_191' title='bbox 688 2176 750 2266; x_wconf 86' lang='grc'><strong>36,</strong></span> <span class='ocrx_word' id='word_1_192' title='bbox 773 2175 796 2242; x_wconf 82' lang='grc'><strong>5</strong></span> <span class='ocrx_word' id='word_1_193' title='bbox 814 2174 840 2242; x_wconf 81' lang='lat' dir='ltr'><strong>f·</strong></span> <span class='ocrx_word' id='word_1_194' title='bbox 862 2181 896 2243; x_wconf 81' lang='grc' dir='ltr'><strong>θλ</strong></span> <span class='ocrx_word' id='word_1_195' title='bbox 907 2171 932 2240; x_wconf 80' lang='grc'>6</span> <span class='ocrx_word' id='word_1_196' title='bbox 945 2169 1039 2263; x_wconf 57' lang='lat' dir='ltr'><strong>init)</strong></span> <span class='ocrx_word' id='word_1_197' title='bbox 1053 2181 1087 2243; x_wconf 72' lang='grc' dir='ltr'><strong>θλ</strong></span> <span class='ocrx_word' id='word_1_198' title='bbox 1100 2174 1148 2238; x_wconf 78' lang='lat' dir='ltr'><strong>sie</strong></span> <span class='ocrx_word' id='word_1_199' title='bbox 1161 2182 1259 2262; x_wconf 65' lang='lat' dir='ltr'><strong>perid</strong></span> 
     </span>
     <span class='ocr_line' id='line_1_20' title="bbox 112 2275 1260 2370; baseline -0.002 -26"><span class='ocrx_word' id='word_1_200' title='bbox 112 2295 212 2365; x_wconf 89' lang='lat' dir='ltr'><strong>usque</strong></span> <span class='ocrx_word' id='word_1_201' title='bbox 226 2278 267 2345; x_wconf 90' lang='lat' dir='ltr'><strong>ad</strong></span> <span class='ocrx_word' id='word_1_202' title='bbox 279 2299 349 2368; x_wconf 86' lang='lat' dir='ltr'><strong>cap.</strong></span> <span class='ocrx_word' id='word_1_203' title='bbox 365 2280 427 2370; x_wconf 83' lang='lat'><strong>37,</strong></span> <span class='ocrx_word' id='word_1_204' title='bbox 444 2281 478 2348; x_wconf 86' lang='lat'><strong>7.</strong></span> <span class='ocrx_word' id='word_1_205' title='bbox 492 2281 546 2347; x_wconf 91' lang='lat' dir='ltr'><strong>ubi</strong></span> <span class='ocrx_word' id='word_1_206' title='bbox 558 2279 760 2348; x_wconf 14' lang='lat' dir='ltr'><strong>odinostrum</strong></span> <span class='ocrx_word' id='word_1_207' title='bbox 770 2279 876 2346; x_wconf 87' lang='lat' dir='ltr'><strong>locum</strong></span> <span class='ocrx_word' id='word_1_208' title='bbox 887 2275 970 2346; x_wconf 86' lang='lat' dir='ltr'><strong>redit</strong></span> <span class='ocrx_word' id='word_1_209' title='bbox 984 2322 994 2342; x_wconf 88' lang='lat'><strong>.</strong></span> <span class='ocrx_word' id='word_1_210' title='bbox 1006 2321 1038 2343; x_wconf 90' lang='grc'><strong>..</strong></span> <span class='ocrx_word' id='word_1_211' title='bbox 1053 2279 1260 2370; x_wconf 78' lang='grc' dir='ltr'><em>ἐςκομίξοναιν</em></span> 
     </span>
     <span class='ocr_line' id='line_1_21' title="bbox 112 2371 1258 2475; baseline 0.003 -33"><span class='ocrx_word' id='word_1_212' title='bbox 112 2382 143 2455; x_wconf 75' lang='grc' dir='ltr'><strong>ἐς</strong></span> <span class='ocrx_word' id='word_1_213' title='bbox 155 2381 190 2444; x_wconf 87' lang='grc' dir='ltr'><em>τὸ</em></span> <span class='ocrx_word' id='word_1_214' title='bbox 206 2381 285 2469; x_wconf 73' lang='grc' dir='ltr'><em>ἱεράν</em></span> <span class='ocrx_word' id='word_1_215' title='bbox 301 2430 309 2446; x_wconf 97' lang='grc'><strong>.</strong></span> <span class='ocrx_word' id='word_1_216' title='bbox 327 2386 358 2447; x_wconf 77' lang='grc' dir='ltr'><strong>ἓν</strong></span> <span class='ocrx_word' id='word_1_217' title='bbox 373 2387 458 2475; x_wconf 90' lang='grc' dir='ltr'><em>δεξιᾷ</em></span> <span class='ocrx_word' id='word_1_218' title='bbox 475 2387 508 2448; x_wconf 76' lang='grc' dir='ltr'><strong>δὲ</strong></span> <span class='ocrx_word' id='word_1_219' title='bbox 522 2383 628 2460; x_wconf 70' lang='grc' dir='ltr'><em>ἐξιόντι</em></span> <span class='ocrx_word' id='word_1_220' title='bbox 648 2387 679 2448; x_wconf 77' lang='grc' dir='ltr'><strong>ἔκ</strong></span> <span class='ocrx_word' id='word_1_221' title='bbox 695 2383 773 2469; x_wconf 82' lang='grc' dir='ltr'><em>πρὸς</em></span> <span class='ocrx_word' id='word_1_222' title='bbox 788 2382 1029 2466; x_wconf 78' lang='grc' dir='ltr'><em>μεγαλσπολίτας</em></span> <span class='ocrx_word' id='word_1_223' title='bbox 1044 2383 1096 2444; x_wconf 77' lang='grc' dir='ltr'><strong>καὶ</strong></span> <span class='ocrx_word' id='word_1_224' title='bbox 1110 2371 1193 2445; x_wconf 65' lang='grc' dir='ltr'><em>οὗτοι</em></span> <span class='ocrx_word' id='word_1_225' title='bbox 1206 2381 1258 2445; x_wconf 72' lang='grc' dir='ltr'><strong>καί</strong></span> 
     </span>
     <span class='ocr_line' id='line_1_22' title="bbox 113 2479 1258 2575; baseline 0.003 -32"><span class='ocrx_word' id='word_1_226' title='bbox 113 2479 276 2565; x_wconf 74' lang='grc' dir='ltr'><em>ἀγάλματα</em></span> <span class='ocrx_word' id='word_1_227' title='bbox 283 2532 293 2561; x_wconf 90' lang='lat'><em>‚</em></span> <span class='ocrx_word' id='word_1_228' title='bbox 330 2492 364 2551; x_wconf 85' lang='lat' dir='ltr'><strong>et</strong></span> <span class='ocrx_word' id='word_1_229' title='bbox 376 2487 423 2551; x_wconf 85' lang='lat' dir='ltr'><strong>sio</strong></span> <span class='ocrx_word' id='word_1_230' title='bbox 435 2506 533 2574; x_wconf 85' lang='lat' dir='ltr'><strong>porro</strong></span> <span class='ocrx_word' id='word_1_231' title='bbox 545 2505 648 2574; x_wconf 84' lang='lat' dir='ltr'><strong>usque</strong></span> <span class='ocrx_word' id='word_1_232' title='bbox 663 2484 727 2575; x_wconf 80' lang='lat' dir='ltr'><strong>ad.</strong></span> <span class='ocrx_word' id='word_1_233' title='bbox 742 2530 753 2551; x_wconf 87' lang='lat'><strong>.</strong></span> <span class='ocrx_word' id='word_1_234' title='bbox 766 2531 777 2550; x_wconf 87' lang='lat'><strong>.</strong></span> <span class='ocrx_word' id='word_1_235' title='bbox 792 2530 801 2550; x_wconf 90' lang='lat'><strong>.</strong></span> <span class='ocrx_word' id='word_1_236' title='bbox 816 2482 1034 2565; x_wconf 79' lang='grc' dir='ltr'><em>βουλευμάτων</em></span> <span class='ocrx_word' id='word_1_237' title='bbox 1049 2485 1130 2546; x_wconf 73' lang='grc' dir='ltr'><em>ἐστὶν</em></span> <span class='ocrx_word' id='word_1_238' title='bbox 1145 2479 1166 2564; x_wconf 76' lang='grc' dir='ltr'><em>ἡ</em></span> <span class='ocrx_word' id='word_1_239' title='bbox 1183 2483 1258 2559; x_wconf 72' lang='grc' dir='ltr'><em>θεὸς</em></span> 
     </span>
     <span class='ocr_line' id='line_1_23' title="bbox 114 2582 1256 2675; baseline 0.005 -29"><span class='ocrx_word' id='word_1_240' title='bbox 114 2589 265 2650; x_wconf 82' lang='grc' dir='ltr'><em>παντοίων</em></span> <span class='ocrx_word' id='word_1_241' title='bbox 285 2590 335 2649; x_wconf 87' lang='grc' dir='ltr'><strong>καὶ</strong></span> <span class='ocrx_word' id='word_1_242' title='bbox 357 2588 597 2669; x_wconf 72' lang='grc' dir='ltr'><em>ἐπιτεχνημάτων</em></span> <span class='ocrx_word' id='word_1_243' title='bbox 612 2595 668 2651; x_wconf 85' lang='grc' dir='ltr'><strong><em>τοῦ</em></strong></span> <span class='ocrx_word' id='word_1_244' title='bbox 679 2587 944 2670; x_wconf 77' lang='grc' dir='ltr'><em>ναοῦ-κάτοπτρον</em></span> <span class='ocrx_word' id='word_1_245' title='bbox 958 2582 1159 2668; x_wconf 74' lang='grc' dir='ltr'><em>ἡρμοσμένον,</em></span> <span class='ocrx_word' id='word_1_246' title='bbox 1185 2603 1256 2675; x_wconf 71' lang='lat' dir='ltr'><strong>eope</strong></span> 
     </span>
     <span class='ocr_line' id='line_1_24' title="bbox 115 2682 1339 2778; baseline 0.002 -23"><span class='ocrx_word' id='word_1_247' title='bbox 115 2685 176 2775; x_wconf 89' lang='grc'><strong>36,</strong></span> <span class='ocrx_word' id='word_1_248' title='bbox 192 2684 216 2752; x_wconf 86' lang='lat' dir='ltr'><strong>f.</strong></span> <span class='ocrx_word' id='word_1_249' title='bbox 230 2686 283 2753; x_wconf 87' lang='lat' dir='ltr'><strong>fin.</strong></span> <span class='ocrx_word' id='word_1_250' title='bbox 298 2695 332 2756; x_wconf 88' lang='lat' dir='ltr'><strong>et</strong></span> <span class='ocrx_word' id='word_1_251' title='bbox 345 2707 414 2778; x_wconf 87' lang='lat' dir='ltr'><strong>cap.</strong></span> <span class='ocrx_word' id='word_1_252' title='bbox 429 2689 491 2778; x_wconf 88' lang='grc'><strong>37,</strong></span> <span class='ocrx_word' id='word_1_253' title='bbox 507 2689 542 2757; x_wconf 88' lang='grc'><strong>7.</strong></span> <span class='ocrx_word' id='word_1_254' title='bbox 594 2685 800 2758; x_wconf 78' lang='lat' dir='ltr'><strong>manifestam</strong></span> <span class='ocrx_word' id='word_1_255' title='bbox 819 2689 921 2778; x_wconf 82' lang='lat' dir='ltr'><strong>igitur</strong></span> <span class='ocrx_word' id='word_1_256' title='bbox 940 2687 973 2752; x_wconf 92' lang='lat' dir='ltr'><strong>in</strong></span> <span class='ocrx_word' id='word_1_257' title='bbox 992 2682 1114 2755; x_wconf 73' lang='lat' dir='ltr'><strong>Codice</strong></span> <span class='ocrx_word' id='word_1_258' title='bbox 1133 2686 1170 2755; x_wconf 89' lang='lat' dir='ltr'>X</span> <span class='ocrx_word' id='word_1_259' title='bbox 1193 2684 1259 2778; x_wconf 81' lang='lat' dir='ltr'><strong>(sit</strong></span> <span class='ocrx_word' id='word_1_260' title='bbox 1334 2739 1339 2743; x_wconf 85' lang='lat'><em>-</em></span> 
     </span>
     <span class='ocr_line' id='line_1_25' title="bbox 113 2784 1258 2880; baseline 0.003 -26"><span class='ocrx_word' id='word_1_261' title='bbox 113 2790 204 2855; x_wconf 91' lang='lat' dir='ltr'><strong>nobis</strong></span> <span class='ocrx_word' id='word_1_262' title='bbox 222 2790 388 2871; x_wconf 87' lang='lat' dir='ltr'><strong>brevitatis</strong></span> <span class='ocrx_word' id='word_1_263' title='bbox 403 2812 500 2858; x_wconf 88' lang='lat' dir='ltr'><strong>causa</strong></span> <span class='ocrx_word' id='word_1_264' title='bbox 513 2788 598 2860; x_wconf 80' lang='lat' dir='ltr'><strong>eod.</strong></span> <span class='ocrx_word' id='word_1_265' title='bbox 612 2792 649 2857; x_wconf 91' lang='lat' dir='ltr'>X</span> <span class='ocrx_word' id='word_1_266' title='bbox 661 2794 689 2858; x_wconf 89' lang='lat' dir='ltr'><strong>is</strong></span> <span class='ocrx_word' id='word_1_267' title='bbox 704 2811 723 2858; x_wconf 89' lang='lat' dir='ltr'><strong>e</strong></span> <span class='ocrx_word' id='word_1_268' title='bbox 736 2811 797 2879; x_wconf 92' lang='lat' dir='ltr'><strong>quo</strong></span> <span class='ocrx_word' id='word_1_269' title='bbox 812 2790 901 2858; x_wconf 87' lang='lat' dir='ltr'><strong>MVa</strong></span> <span class='ocrx_word' id='word_1_270' title='bbox 914 2789 1064 2880; x_wconf 81' lang='lat' dir='ltr'><strong>descripti</strong></span> <span class='ocrx_word' id='word_1_271' title='bbox 1077 2784 1173 2878; x_wconf 83' lang='lat' dir='ltr'><strong>sunt)</strong></span> <span class='ocrx_word' id='word_1_272' title='bbox 1192 2788 1258 2858; x_wconf 62' lang='lat' dir='ltr'><strong>dcvi</strong></span> 
     </span>
    </p>
   </div>
   <div class='ocr_carea' id='block_1_5' title="bbox 114 2891 1372 2986">
    <p class='ocr_par' dir='ltr' id='par_1_5' title="bbox 114 2891 1372 2986">
     <span class='ocr_line' id='line_1_26' title="bbox 114 2891 1372 2986; baseline 0.004 -28"><span class='ocrx_word' id='word_1_273' title='bbox 114 2891 338 2979; x_wconf 85' lang='lat' dir='ltr'><strong>prehendimus</strong></span> <span class='ocrx_word' id='word_1_274' title='bbox 352 2891 502 2962; x_wconf 85' lang='lat' dir='ltr'><strong>foliorum</strong></span> <span class='ocrx_word' id='word_1_275' title='bbox 514 2893 736 2961; x_wconf 82' lang='lat' dir='ltr'><strong>confusionem</strong></span> <span class='ocrx_word' id='word_1_276' title='bbox 747 2895 816 2961; x_wconf 86' lang='lat' dir='ltr'><strong>sive</strong></span> <span class='ocrx_word' id='word_1_277' title='bbox 827 2895 934 2983; x_wconf 89' lang='lat' dir='ltr'><strong>potius</strong></span> <span class='ocrx_word' id='word_1_278' title='bbox 950 2892 1019 2961; x_wconf 87' lang='lat' dir='ltr'><strong>folii</strong></span> <span class='ocrx_word' id='word_1_279' title='bbox 1031 2896 1257 2986; x_wconf 76' lang='lat' dir='ltr'><strong>inversionem,</strong></span> <span class='ocrx_word' id='word_1_280' title='bbox 1369 2954 1372 2963; x_wconf 28' lang='lat' dir='ltr'><strong>r</strong></span> 
     </span>
    </p>
   </div>
   <div class='ocr_carea' id='block_1_6' title="bbox 113 2993 1258 3088">
    <p class='ocr_par' dir='ltr' id='par_1_6' title="bbox 113 2993 1258 3088">
     <span class='ocr_line' id='line_1_27' title="bbox 113 2993 1258 3088; baseline 0 -29"><span class='ocrx_word' id='word_1_281' title='bbox 113 2993 174 3060; x_wconf 92' lang='lat' dir='ltr'><strong>boc</strong></span> <span class='ocrx_word' id='word_1_282' title='bbox 188 2993 258 3061; x_wconf 85' lang='lat' dir='ltr'><strong>iere</strong></span> <span class='ocrx_word' id='word_1_283' title='bbox 272 2994 385 3063; x_wconf 87' lang='lat' dir='ltr'><strong>modo:</strong></span> <span class='ocrx_word' id='word_1_284' title='bbox 413 2997 509 3066; x_wconf 89' lang='lat' dir='ltr'><strong>trium</strong></span> <span class='ocrx_word' id='word_1_285' title='bbox 521 2998 604 3063; x_wconf 88' lang='lat' dir='ltr'><strong>ratio</strong></span> <span class='ocrx_word' id='word_1_286' title='bbox 616 2995 763 3062; x_wconf 87' lang='lat' dir='ltr'><strong>habenda</strong></span> <span class='ocrx_word' id='word_1_287' title='bbox 777 3002 828 3063; x_wconf 90' lang='lat' dir='ltr'><strong>est</strong></span> <span class='ocrx_word' id='word_1_288' title='bbox 841 2993 992 3062; x_wconf 91' lang='lat' dir='ltr'><strong>foliorum</strong></span> <span class='ocrx_word' id='word_1_289' title='bbox 1004 3017 1083 3084; x_wconf 89' lang='lat' dir='ltr'><strong>quae</strong></span> <span class='ocrx_word' id='word_1_290' title='bbox 1096 2997 1199 3066; x_wconf 85' lang='lat' dir='ltr'><strong>litoris</strong></span> <span class='ocrx_word' id='word_1_291' title='bbox 1211 2994 1258 3088; x_wconf 90' lang='lat' dir='ltr'><strong>A,</strong></span> 
     </span>
    </p>
   </div>
   <div class='ocr_carea' id='block_1_7' title="bbox 113 3093 1372 3187">
    <p class='ocr_par' dir='ltr' id='par_1_7' title="bbox 113 3093 1372 3187">
     <span class='ocr_line' id='line_1_28' title="bbox 113 3093 1372 3187; baseline 0.004 -26"><span class='ocrx_word' id='word_1_292' title='bbox 113 3093 154 3186; x_wconf 86' lang='grc' dir='ltr'><strong>Β,</strong></span> <span class='ocrx_word' id='word_1_293' title='bbox 173 3096 415 3187; x_wconf 79' lang='lat' dir='ltr'><strong>Cnotabimus,</strong></span> <span class='ocrx_word' id='word_1_294' title='bbox 442 3097 579 3185; x_wconf 75' lang='lat' dir='ltr'><strong>paginas</strong></span> <span class='ocrx_word' id='word_1_295' title='bbox 599 3105 706 3167; x_wconf 90' lang='lat' dir='ltr'><strong>rectas</strong></span> <span class='ocrx_word' id='word_1_296' title='bbox 720 3104 755 3166; x_wconf 93' lang='lat' dir='ltr'><strong>et</strong></span> <span class='ocrx_word' id='word_1_297' title='bbox 766 3117 881 3165; x_wconf 87' lang='lat' dir='ltr'><strong>versas</strong></span> <span class='ocrx_word' id='word_1_298' title='bbox 894 3099 1034 3165; x_wconf 90' lang='lat' dir='ltr'><strong>numeris</strong></span> <span class='ocrx_word' id='word_1_299' title='bbox 1051 3099 1084 3170; x_wconf 91' lang='lat' dir='ltr'><strong>l.</strong></span> <span class='ocrx_word' id='word_1_300' title='bbox 1100 3101 1134 3169; x_wconf 79' lang='lat'><strong>2·</strong></span> <span class='ocrx_word' id='word_1_301' title='bbox 1186 3099 1257 3166; x_wconf 84' lang='lat' dir='ltr'><strong>Aa</strong></span> <span class='ocrx_word' id='word_1_302' title='bbox 1316 3162 1317 3168; x_wconf 75' lang='grc'>,</span> <span class='ocrx_word' id='word_1_303' title='bbox 1369 3149 1372 3154; x_wconf 83' lang='lat'>-</span> 
     </span>
    </p>
   </div>
   <div class='ocr_carea' id='block_1_8' title="bbox 108 3194 1259 3390">
    <p class='ocr_par' dir='ltr' id='par_1_8' title="bbox 108 3194 1259 3390">
     <span class='ocr_line' id='line_1_29' title="bbox 114 3194 1259 3288; baseline -0.003 -27"><span class='ocrx_word' id='word_1_304' title='bbox 114 3200 175 3265; x_wconf 88' lang='lat' dir='ltr'><strong>ime</strong></span> <span class='ocrx_word' id='word_1_305' title='bbox 197 3219 295 3266; x_wconf 82' lang='lat' dir='ltr'><strong>Versu</strong></span> <span class='ocrx_word' id='word_1_306' title='bbox 313 3198 424 3267; x_wconf 80' lang='lat' dir='ltr'><strong>hebuit</strong></span> <span class='ocrx_word' id='word_1_307' title='bbox 442 3199 558 3265; x_wconf 80' lang='lat' dir='ltr'><strong>verbe:</strong></span> <span class='ocrx_word' id='word_1_308' title='bbox 596 3197 817 3280; x_wconf 84' lang='grc' dir='ltr'><em>ὀνομαζόμενον</em></span> <span class='ocrx_word' id='word_1_309' title='bbox 834 3196 980 3283; x_wconf 81' lang='grc' dir='ltr'><em>Ἑρμαῖον</em></span> <span class='ocrx_word' id='word_1_310' title='bbox 1003 3248 1013 3265; x_wconf 90' lang='grc'><strong>.</strong></span> <span class='ocrx_word' id='word_1_311' title='bbox 1035 3194 1101 3288; x_wconf 82' lang='grc' dir='ltr'><em>ὅροι</em></span> <span class='ocrx_word' id='word_1_312' title='bbox 1124 3206 1259 3288; x_wconf 67' lang='grc' dir='ltr'><em>Μεσσηι</em></span> 
     </span>
     <span class='ocr_line' id='line_1_30' title="bbox 108 3295 1259 3390; baseline 0.005 -26"><span class='ocrx_word' id='word_1_313' title='bbox 108 3303 185 3364; x_wconf 81' lang='grc' dir='ltr'><em>’νίων</em></span> <span class='ocrx_word' id='word_1_314' title='bbox 196 3338 250 3378; x_wconf 88' lang='grc'><strong>-,</strong></span> <span class='ocrx_word' id='word_1_315' title='bbox 264 3298 292 3366; x_wconf 89' lang='grc' dir='ltr'>Β</span> <span class='ocrx_word' id='word_1_316' title='bbox 311 3300 330 3368; x_wconf 92' lang='lat' dir='ltr'>l</span> <span class='ocrx_word' id='word_1_317' title='bbox 346 3319 444 3367; x_wconf 81' lang='lat' dir='ltr'><strong>versu</strong></span> <span class='ocrx_word' id='word_1_318' title='bbox 456 3301 557 3389; x_wconf 83' lang='lat' dir='ltr'><strong>prime</strong></span> <span class='ocrx_word' id='word_1_319' title='bbox 570 3302 647 3386; x_wconf 86' lang='grc' dir='ltr'><em>πρὸς</em></span> <span class='ocrx_word' id='word_1_320' title='bbox 659 3304 918 3386; x_wconf 78' lang='grc' dir='ltr'><em>Μεγαλοπολίτας</em></span> <span class='ocrx_word' id='word_1_321' title='bbox 931 3304 981 3365; x_wconf 79' lang='grc' dir='ltr'><strong>καὶ</strong></span> <span class='ocrx_word' id='word_1_322' title='bbox 998 3295 1080 3368; x_wconf 78' lang='grc' dir='ltr'><em>οὗτοι</em></span> <span class='ocrx_word' id='word_1_323' title='bbox 1095 3308 1145 3368; x_wconf 81' lang='grc' dir='ltr'><strong>καὶ</strong></span> <span class='ocrx_word' id='word_1_324' title='bbox 1162 3305 1259 3390; x_wconf 73' lang='lat' dir='ltr'><strong>‹tyda-</strong></span> 
     </span>
    </p>
   </div>
   <div class='ocr_carea' id='block_1_9' title="bbox 114 3398 1366 3497">
    <p class='ocr_par' dir='ltr' id='par_1_9' title="bbox 114 3398 1366 3497">
     <span class='ocr_line' id='line_1_31' title="bbox 114 3398 1366 3497; baseline 0.006 -30"><span class='ocrx_word' id='word_1_325' title='bbox 114 3430 199 3485; x_wconf 90' lang='grc' dir='ltr'><em>ματα</em></span> <span class='ocrx_word' id='word_1_326' title='bbox 216 3403 290 3471; x_wconf 83' lang='lat' dir='ltr'><strong>rell.</strong></span> <span class='ocrx_word' id='word_1_327' title='bbox 303 3423 403 3492; x_wconf 79' lang='lat' dir='ltr'><strong>usque</strong></span> <span class='ocrx_word' id='word_1_328' title='bbox 417 3402 458 3470; x_wconf 84' lang='lat' dir='ltr'><strong>ad</strong></span> <span class='ocrx_word' id='word_1_329' title='bbox 470 3408 620 3470; x_wconf 88' lang='grc' dir='ltr'><em>παντοίων</em></span> <span class='ocrx_word' id='word_1_330' title='bbox 633 3408 684 3470; x_wconf 83' lang='grc' dir='ltr'><strong>καὶ</strong></span> <span class='ocrx_word' id='word_1_331' title='bbox 699 3402 940 3486; x_wconf 75' lang='grc' dir='ltr'><em>ἐπιτεχνημάτων</em></span> <span class='ocrx_word' id='word_1_332' title='bbox 955 3398 1014 3487; x_wconf 73' lang='grc'><strong>-,·’</strong></span> <span class='ocrx_word' id='word_1_333' title='bbox 1042 3404 1259 3496; x_wconf 65' lang='grc' dir='ltr'>Βῖἰηοίρίθ-</span> <span class='ocrx_word' id='word_1_334' title='bbox 1361 3478 1366 3497; x_wconf 45' lang='grc' dir='ltr'>Ι</span> 
     </span>
    </p>
   </div>
   <div class='ocr_carea' id='block_1_10' title="bbox 108 3504 1345 4330">
    <p class='ocr_par' dir='ltr' id='par_1_10' title="bbox 108 3504 1345 4330">
     <span class='ocr_line' id='line_1_32' title="bbox 115 3504 1261 3601; baseline 0.003 -31"><span class='ocrx_word' id='word_1_335' title='bbox 115 3507 185 3574; x_wconf 81' lang='lat' dir='ltr'><strong>bat:</strong></span> <span class='ocrx_word' id='word_1_336' title='bbox 211 3505 323 3593; x_wconf 71' lang='grc' dir='ltr'><em>εὑρέτις</em></span> <span class='ocrx_word' id='word_1_337' title='bbox 340 3556 348 3572; x_wconf 94' lang='grc'><strong>.</strong></span> <span class='ocrx_word' id='word_1_338' title='bbox 366 3511 525 3591; x_wconf 91' lang='grc' dir='ltr'><em>πεποίηται</em></span> <span class='ocrx_word' id='word_1_339' title='bbox 541 3511 574 3573; x_wconf 79' lang='grc' dir='ltr'><strong>δὲ</strong></span> <span class='ocrx_word' id='word_1_340' title='bbox 591 3512 622 3573; x_wconf 74' lang='grc' dir='ltr'><strong>ἓν</strong></span> <span class='ocrx_word' id='word_1_341' title='bbox 638 3513 722 3598; x_wconf 86' lang='grc' dir='ltr'><em>δεξιᾷ</em></span> <span class='ocrx_word' id='word_1_342' title='bbox 741 3506 814 3574; x_wconf 84' lang='lat' dir='ltr'><strong>rell·</strong></span> <span class='ocrx_word' id='word_1_343' title='bbox 828 3526 929 3593; x_wconf 75' lang='lat' dir='ltr'><strong>usque</strong></span> <span class='ocrx_word' id='word_1_344' title='bbox 952 3504 992 3571; x_wconf 78' lang='lat' dir='ltr'><strong>ad</strong></span> <span class='ocrx_word' id='word_1_345' title='bbox 1011 3507 1109 3574; x_wconf 79' lang='lat' dir='ltr'><strong>Verba</strong></span> <span class='ocrx_word' id='word_1_346' title='bbox 1129 3510 1160 3571; x_wconf 75' lang='grc' dir='ltr'><strong>ἓν</strong></span> <span class='ocrx_word' id='word_1_347' title='bbox 1176 3508 1261 3601; x_wconf 73' lang='grc' dir='ltr'><em>δεξιᾷ</em></span> 
     </span>
     <span class='ocr_line' id='line_1_33' title="bbox 117 3604 1323 3700; baseline 0.006 -28"><span class='ocrx_word' id='word_1_348' title='bbox 117 3611 150 3672; x_wconf 77' lang='grc' dir='ltr'><strong>δὲ</strong></span> <span class='ocrx_word' id='word_1_349' title='bbox 171 3608 283 3683; x_wconf 56' lang='grc' dir='ltr'><strong>ἐξιόντιΓ</strong></span> <span class='ocrx_word' id='word_1_350' title='bbox 302 3613 335 3672; x_wconf 77' lang='grc' dir='ltr'><strong>ἐκ</strong></span> <span class='ocrx_word' id='word_1_351' title='bbox 355 3646 403 3659; x_wconf 92' lang='lat'><em>-</em></span> <span class='ocrx_word' id='word_1_352' title='bbox 425 3612 557 3699; x_wconf 84' lang='lat' dir='ltr'><strong>quaein</strong></span> <span class='ocrx_word' id='word_1_353' title='bbox 576 3612 639 3679; x_wconf 94' lang='lat' dir='ltr'><strong>imo</strong></span> <span class='ocrx_word' id='word_1_354' title='bbox 660 3616 754 3679; x_wconf 83' lang='lat' dir='ltr'><strong>crant</strong></span> <span class='ocrx_word' id='word_1_355' title='bbox 772 3629 881 3676; x_wconf 87' lang='lat' dir='ltr'><strong>versu.</strong></span> <span class='ocrx_word' id='word_1_356' title='bbox 921 3604 1000 3678; x_wconf 54' lang='lat'><strong>&lt;01</strong></span> <span class='ocrx_word' id='word_1_357' title='bbox 1023 3610 1192 3700; x_wconf 72' lang='lat' dir='ltr'><strong>incipiebat</strong></span> <span class='ocrx_word' id='word_1_358' title='bbox 1204 3614 1259 3679; x_wconf 68' lang='lat' dir='ltr'><strong>cot</strong></span> <span class='ocrx_word' id='word_1_359' title='bbox 1320 3659 1323 3671; x_wconf 70' lang='lat'>,</span> 
     </span>
     <span class='ocr_line' id='line_1_34' title="bbox 116 3708 1341 3803; baseline 0.01 -31"><span class='ocrx_word' id='word_1_360' title='bbox 116 3716 208 3786; x_wconf 78' lang='grc' dir='ltr'><em>ναοῦ,</em></span> <span class='ocrx_word' id='word_1_361' title='bbox 235 3708 405 3795; x_wconf 76' lang='grc' dir='ltr'><em>κάτοπτρον</em></span> <span class='ocrx_word' id='word_1_362' title='bbox 420 3712 498 3778; x_wconf 83' lang='lat' dir='ltr'><strong>rell.</strong></span> <span class='ocrx_word' id='word_1_363' title='bbox 552 3709 609 3781; x_wconf 80' lang='lat' dir='ltr'><strong>Sic</strong></span> <span class='ocrx_word' id='word_1_364' title='bbox 623 3713 825 3782; x_wconf 86' lang='lat' dir='ltr'><strong>omniainsto</strong></span> <span class='ocrx_word' id='word_1_365' title='bbox 839 3709 1054 3801; x_wconf 86' lang='lat' dir='ltr'><strong>procedebant</strong></span> <span class='ocrx_word' id='word_1_366' title='bbox 1067 3711 1199 3802; x_wconf 80' lang='lat' dir='ltr'><strong>ordine3</strong></span> <span class='ocrx_word' id='word_1_367' title='bbox 1225 3722 1260 3788; x_wconf 86' lang='lat' dir='ltr'><strong>at</strong></span> <span class='ocrx_word' id='word_1_368' title='bbox 1337 3798 1341 3803; x_wconf 79' lang='lat'><strong>.</strong></span> 
     </span>
     <span class='ocr_line' id='line_1_35' title="bbox 117 3812 1260 3909; baseline 0.01 -32"><span class='ocrx_word' id='word_1_369' title='bbox 117 3813 296 3903; x_wconf 84' lang='lat' dir='ltr'><strong>glutinator</strong></span> <span class='ocrx_word' id='word_1_370' title='bbox 316 3812 467 3880; x_wconf 85' lang='lat' dir='ltr'><strong>foliumB</strong></span> <span class='ocrx_word' id='word_1_371' title='bbox 482 3814 613 3884; x_wconf 88' lang='lat' dir='ltr'><strong>invertit</strong></span> <span class='ocrx_word' id='word_1_372' title='bbox 632 3817 678 3883; x_wconf 84' lang='lat' dir='ltr'><strong>ita</strong></span> <span class='ocrx_word' id='word_1_373' title='bbox 698 3821 734 3885; x_wconf 88' lang='lat' dir='ltr'><strong>ut</strong></span> <span class='ocrx_word' id='word_1_374' title='bbox 751 3816 897 3905; x_wconf 84' lang='lat' dir='ltr'><strong>margine</strong></span> <span class='ocrx_word' id='word_1_375' title='bbox 917 3817 1079 3885; x_wconf 82' lang='lat' dir='ltr'><strong>exteriore</strong></span> <span class='ocrx_word' id='word_1_376' title='bbox 1099 3813 1260 3909; x_wconf 80' lang='lat' dir='ltr'><strong>adligaret</strong></span> 
     </span>
     <span class='ocr_line' id='line_1_36' title="bbox 118 3913 1259 4010; baseline 0.004 -29"><span class='ocrx_word' id='word_1_377' title='bbox 118 3935 179 4003; x_wconf 89' lang='lat' dir='ltr'><strong>quo</strong></span> <span class='ocrx_word' id='word_1_378' title='bbox 192 3913 312 3983; x_wconf 88' lang='lat' dir='ltr'><strong>factum</strong></span> <span class='ocrx_word' id='word_1_379' title='bbox 326 3920 424 3985; x_wconf 85' lang='lat' dir='ltr'><strong>estut</strong></span> <span class='ocrx_word' id='word_1_380' title='bbox 438 3913 466 3981; x_wconf 91' lang='lat' dir='ltr'>B</span> <span class='ocrx_word' id='word_1_381' title='bbox 484 3915 503 3983; x_wconf 91' lang='lat' dir='ltr'>l</span> <span class='ocrx_word' id='word_1_382' title='bbox 518 3916 593 3985; x_wconf 88' lang='lat' dir='ltr'><strong>ctB</strong></span> <span class='ocrx_word' id='word_1_383' title='bbox 608 3916 630 3982; x_wconf 83' lang='lat'><strong>2</strong></span> <span class='ocrx_word' id='word_1_384' title='bbox 643 3919 774 3986; x_wconf 89' lang='lat' dir='ltr'><strong>inverso</strong></span> <span class='ocrx_word' id='word_1_385' title='bbox 790 3917 900 3986; x_wconf 91' lang='lat' dir='ltr'><strong>ordine</strong></span> <span class='ocrx_word' id='word_1_386' title='bbox 913 3920 1119 4010; x_wconf 83' lang='lat' dir='ltr'><strong>legerentur,</strong></span> <span class='ocrx_word' id='word_1_387' title='bbox 1146 3927 1179 3989; x_wconf 86' lang='lat' dir='ltr'><strong>et</strong></span> <span class='ocrx_word' id='word_1_388' title='bbox 1192 3921 1259 4007; x_wconf 80' lang='grc' dir='ltr'><em>ὅροι</em></span> 
     </span>
     <span class='ocr_line' id='line_1_37' title="bbox 108 4017 1255 4108; baseline 0.005 -26"><span class='ocrx_word' id='word_1_389' title='bbox 108 4022 303 4101; x_wconf 89' lang='grc' dir='ltr'><strong>ΙΜεσσηνίων</strong></span> <span class='ocrx_word' id='word_1_390' title='bbox 319 4017 433 4107; x_wconf 74' lang='grc' dir='ltr'><em>εὑρέτις</em></span> <span class='ocrx_word' id='word_1_391' title='bbox 438 4068 448 4098; x_wconf 86' lang='grc'>,</span> <span class='ocrx_word' id='word_1_392' title='bbox 479 4019 720 4103; x_wconf 71' lang='grc' dir='ltr'><em>ἐπιτεχνημάτων</em></span> <span class='ocrx_word' id='word_1_393' title='bbox 733 4028 788 4086; x_wconf 77' lang='grc' dir='ltr'><em>τοῦ</em></span> <span class='ocrx_word' id='word_1_394' title='bbox 802 4026 879 4085; x_wconf 83' lang='grc' dir='ltr'><em>ναοῦ</em></span> <span class='ocrx_word' id='word_1_395' title='bbox 894 4022 1130 4108; x_wconf 79' lang='lat' dir='ltr'><strong>eopulareniur·</strong></span> <span class='ocrx_word' id='word_1_396' title='bbox 1182 4020 1255 4108; x_wconf 70' lang='lat' dir='ltr'><strong>Qua</strong></span> 
     </span>
     <span class='ocr_line' id='line_1_38' title="bbox 118 4119 1253 4211; baseline 0.004 -27"><span class='ocrx_word' id='word_1_397' title='bbox 118 4139 153 4186; x_wconf 90' lang='lat' dir='ltr'><strong>re</strong></span> <span class='ocrx_word' id='word_1_398' title='bbox 167 4120 202 4189; x_wconf 85' lang='lat' dir='ltr'><strong>fit</strong></span> <span class='ocrx_word' id='word_1_399' title='bbox 214 4119 416 4201; x_wconf 79' lang='lat' dir='ltr'><strong>manifestum</strong></span> <span class='ocrx_word' id='word_1_400' title='bbox 430 4119 554 4189; x_wconf 87' lang='lat' dir='ltr'><strong>codices</strong></span> <span class='ocrx_word' id='word_1_401' title='bbox 566 4121 658 4211; x_wconf 0' lang='lat' dir='ltr'><strong>,nova</strong></span> <span class='ocrx_word' id='word_1_402' title='bbox 673 4143 714 4190; x_wconf 86' lang='lat' dir='ltr'><strong>cx</strong></span> <span class='ocrx_word' id='word_1_403' title='bbox 733 4122 844 4189; x_wconf 89' lang='lat' dir='ltr'><strong>codem</strong></span> <span class='ocrx_word' id='word_1_404' title='bbox 859 4122 1034 4210; x_wconf 88' lang='lat' dir='ltr'><strong>descriptos</strong></span> <span class='ocrx_word' id='word_1_405' title='bbox 1049 4143 1123 4191; x_wconf 80' lang='lat' dir='ltr'><strong>esse</strong></span> <span class='ocrx_word' id='word_1_406' title='bbox 1138 4144 1253 4190; x_wconf 88' lang='lat' dir='ltr'><strong>exem-</strong></span> 
     </span>
     <span class='ocr_line' id='line_1_39' title="bbox 118 4212 1345 4330; baseline 0.006 -43"><span class='ocrx_word' id='word_1_407' title='bbox 118 4221 217 4319; x_wconf 81' lang='lat' dir='ltr'><strong>plari,</strong></span> <span class='ocrx_word' id='word_1_408' title='bbox 250 4223 405 4314; x_wconf 83' lang='lat' dir='ltr'><strong>simulque</strong></span> <span class='ocrx_word' id='word_1_409' title='bbox 413 4221 491 4311; x_wconf 78' lang='lat' dir='ltr'><strong>viude</strong></span> <span class='ocrx_word' id='word_1_410' title='bbox 506 4234 728 4317; x_wconf 78' lang='lat' dir='ltr'><strong>argumentum</strong></span> <span class='ocrx_word' id='word_1_411' title='bbox 744 4220 784 4292; x_wconf 88' lang='lat' dir='ltr'><strong>de</strong></span> <span class='ocrx_word' id='word_1_412' title='bbox 797 4221 913 4290; x_wconf 88' lang='lat' dir='ltr'><strong>codicis</strong></span> <span class='ocrx_word' id='word_1_413' title='bbox 927 4223 963 4291; x_wconf 88' lang='lat' dir='ltr'>X</span> <span class='ocrx_word' id='word_1_414' title='bbox 975 4212 1078 4293; x_wconf 78' lang='lat' dir='ltr'><strong>torma</strong></span> <span class='ocrx_word' id='word_1_415' title='bbox 1091 4223 1255 4295; x_wconf 59' lang='lat' dir='ltr'><strong>confidenss</strong></span> <span class='ocrx_word' id='word_1_416' title='bbox 1338 4308 1345 4330; x_wconf 35' lang='lat'><strong><em>⁹</em></strong></span> 
     </span>
    </p>
   </div>
   <div class='ocr_carea' id='block_1_11' title="bbox 751 4489 811 4535">
    <p class='ocr_par' dir='ltr' id='par_1_11' title="bbox 751 4489 811 4535">
     <span class='ocr_line' id='line_1_40' title="bbox 751 4489 811 4535; baseline 0 -13"><span class='ocrx_word' id='word_1_417' title='bbox 751 4489 811 4535; x_wconf 54' lang='lat' dir='ltr'><strong>§fis</strong></span> 
     </span>
    </p>
   </div>
   <div class='ocr_carea' id='block_1_12' title="bbox 0 0 1450 4846">
    <p class='ocr_par' dir='ltr' id='par_1_12' title="bbox 0 0 1450 4846">
     <span class='ocr_line' id='line_1_41' title="bbox 0 0 1450 4846; baseline 0 0"><span class='ocrx_word' id='word_1_418' title='bbox 0 0 1450 4846; x_wconf 95' lang='lat' dir='ltr'><strong> </strong></span> 
     </span>
    </p>
   </div>
  </div>
 </body>
</html>
