2872 4846
237 278 303 342 no
611 273 967 347 ΚΟΡΙΝΘΙΑΚΑ

240 451 329 532 ἴσας
341 447 546 540 παρθένους
575 444 696 518 ἐπὶ
656 477 720 522 τον
738 445 868 523 Σύθαν
891 448 1049 544 ποταμὸν
1077 448 1356 531 ἀποστέλλουσιν

239 543 473 636 ικετεύοντας
500 544 574 621 νπό
596 547 734 624 τούτων
756 556 794 625 δὲ
813 558 1017 642 πεισθέντας
1040 552 1127 643 τούς
1149 550 1263 646 θεούς
1284 588 1363 655 φα,

239 670 294 726 σιν
323 654 359 738 ἐς
387 646 450 777 την
482 648 559 724 τότε
589 648 779 746 ἀκρόπολιν
816 660 929 729 ἐλθεῖν
978 661 1035 730 καὶ
1064 655 1084 729 6
1117 653 1229 748 τύπος
1264 666 1355 735 ἔνθα

236 760 377 851 πρῶτον
408 750 579 884 ἀηίκοντο
626 723 788 847 Πειθοῦς
821 763 964 832 ἐστὶν
949 757 1053 885 ιερύν.
1132 758 1310 855 τούτοις
1314 767 1354 839 δὲ

238 852 375 930 ἐοικότα
404 861 460 929 καὶ
486 865 556 930 νῦν
580 861 627 931 ἔτι
651 876 814 932 ποιεῖται·
869 866 926 933 καὶ
954 859 1020 958 γὰρ
1043 867 1099 935 ἐπὶ
1127 860 1191 937 τὸν
1217 863 1354 989 Σύθαν

240 968 331 1034 ἴασιν
353 988 387 1032 οι
380 966 532 1048 παῖδες
554 969 597 1056 v6
621 965 724 1058 ἑορτῇ
742 970 810 1036 τοῦ
827 958 1059 1055 Ἀπόλλωνος,
1088 971 1145 1038 καὶ
1164 963 1353 1095 ἀγαγόντες

239 1061 283 1163 66
301 1058 390 1151 τούς
403 1060 518 1152 θεούς
540 1069 576 1152 ἐς
592 1094 632 1137 το
621 1060 690 1111 4²
712 1072 776 1162 τῆς
793 1072 955 1156 Πειθοῦς
973 1065 1067 1164 ἱερὸν
1085 1057 1228 1158 αύθις’
1208 1068 1352 1168 απάγειν

158 1177 170 1205 “’
240 1175 276 1257 ἐς
297 1162 360 1240 τὸν
377 1162 465 1240 ναύν
485 1167 620 1263 (γασιθ3
644 1196 711 1241 του
696 1163 942 1259 Ἀπόλλωνος.
986 1168 1066 1244 ὃθὲ
1088 1169 1175 1260 ναὸς
1195 1177 1326 1247 ἔστι
1288 1205 1352 1268 μεν

240 1278 277 1346 ἐν
298 1278 341 1366 τῇ
369 1277 438 1343 νῦν
466 1265 593 1366 ἀγορᾷ,
642 1266 683 1343 τὰ
707 1274 745 1344 δὲ
769 1268 846 1361 ἐξ’
827 1283 936 1405 αρχῆς
956 1278 1119 1369 λέγουσιν
1142 1270 1252 1350 αύτόν
1273 1275 1350 1352 ὑπύ

242 1380 403 1470 Προίτου
425 1380 630 1469 ποιηθῆναι·
663 1370 726 1462 τὰς
742 1372 807 1471 γάρ
833 1405 867 1449 οι
861 1382 1102 1509 θυγατέρας
1111 1383 1267 1452 ἐνταῦθα
1284 1388 1351 1478 της

211 1484 365 1571 9μανίας
390 1472 607 1550 παύσασθαι.
662 1482 718 1572 (8)
746 1482 898 1573 Λέγουσι
923 1483 960 1553 δὲ
982 1485 1038 1553 καὶ
1062 1477 1160 1572 τάδε,
1211 1479 1260 1571 ὦς
1277 1490 1350 1556 Με-

238 1587 383 1688 λέαγρος
411 1585 446 1668 ἐς
478 1587 609 1653 τοῦτον
636 1576 699 1652 τὸν
728 1577 814 1654 ναὸν
842 1578 989 1709 ἀνέθηκε
1017 1579 1080 1679 την
1107 1575 1351 1681 λόγχην44
1267 1617 1291 1681 η

238 1681 301 1758 τὸν
325 1687 372 1757 ύν
392 1679 646 1775 κατειργάσατο.
693 1688 750 1755 καλ
774 1680 911 1773 αὐλούς
935 1682 1144 1782 ἀνατεθῆναί
1168 1693 1313 1782 φασιν’
1298 1717 1350 1763 εν-

238 1795 358 1860 ταῦθα
377 1782 466 1872 τούς
480 1782 676 1879 Μαρσύου·
717 1785 961 1883 γενομένης
921 1819 986 1915 γαρ
1009 1819 1057 1887 rgo
1044 1795 1213 1887 Σιληνῷ
1225 1791 1265 1841 45
1285 1799 1350 1919 τῆς

240 1895 447 2018 συμφορᾶς
465 1885 529 1960 τὸν
568 1884 727 1979 ποταμὸν
760 1886 823 1962 τὸν
853 1888 1029 1985 Μαρσύαν
1051 1909 1258 2018 κατενεγκεῖν
1284 1890 1348 1967 66·

238 1988 327 2081 τούς
349 1996 384 2078 ἐς
408 1985 471 2062 τόν
497 1986 776 2084 Μαίανδρον,’
756 1997 994 2117 αναεγανέντας
1019 1998 1057 2068 δὲ
1082 2000 1118 2067 ἐν
1143 2003 1192 2067 το]
1208 1991 1348 2070 Ἀσωπῶ
1392 2056 1396 2063 .

237 2099 296 2167 καλ
318 2089 404 2167 κατὰ
425 2088 488 2191 την
503 2099 703 2167 Σικυωνίαν
720 2090 1015 2184 ἐκπεσόνταςθ6
993 2094 1068 2170 νπό
1092 2102 1258 2192 ποιμένος
1278 2107 1347 2173 τοῦ

239 2194 408 2295 εὑρόντος
422 2202 618 2296 δοθῆναι
585 2226 633 2269 τω
621 2192 838 2271 Ἀπόλλωνι.
876 2194 1014 2273 τούτων
1031 2208 1100 2276 τῶν
1114 2196 1349 2300 ἀναθημάτων

237 2480 346 2542 pueros
371 2470 490 2541 septem
515 2480 550 2518 ao
575 2457 703 2519 totidem
723 2460 856 2538 virgines
878 2459 917 2520 ad
940 2459 1057 2542 Sythau
1081 2483 1204 2521 amnem
1227 2465 1347 2545 suppli-

239 2569 309 2607 omn
336 2558 462 2607 ornatu.
499 2566 629 2626 quorum
648 2548 820 2624 precatione
838 2567 997 2646 persuasos
1020 2548 1145 2609 deosin
1167 2568 1279 2607 arcem·
1290 2570 1347 2608 ve-

237 2637 328 2692 nisse.
371 2636 416 2690 Eo
435 2636 538 2711 itaque
558 2634 591 2688 in
609 2633 690 2704 loco,
726 2651 786 2710 quo
810 2634 944 2708 prirnmn
965 2654 1092 2708 venere,
1120 2618 1270 2692 Suadesse
1293 2654 1347 2691 ae·

238 2718 310 2776 dem
337 2717 479 2774 dicatam.
531 2716 617 2773 Idem
647 2736 718 2773 vero
740 2719 814 2772 ritus
843 2714 900 2774 hoo
925 2720 1017 2776 etiam
1041 2731 1174 2798 tempore
1198 2730 1348 2779 servatur.
1404 2792 1409 2803 ⁸

236 2805 329 2860 Pueri
349 2805 432 2860 enim
456 2803 533 2859 festo
548 2801 697 2878 Apollinis
724 2800 772 2857 die
793 2800 831 2857 ad
851 2800 968 2880 Sythan
989 2807 1128 2877 veniunt,
1162 2821 1196 2858 ao
1218 2801 1348 2861 deorum

237 2889 324 2965 signa
344 2890 376 2944 iu
398 2885 505 2943 aedem
520 2884 671 2942 Suadelae
691 2884 867 2964 deportant,
892 2886 1023 2945 deinde
1014 2909 1046 2945 ru
1060 2890 1175 2965 templo
1193 2890 1346 2967 Apollinis

238 2992 274 3029 ea
293 2981 452 3049 reponunt.
496 2972 664 3049 Templum
683 2990 753 3027 vero
778 2969 895 3028 istud
886 2993 919 3028 ιιι
942 2993 978 3031 eo
1006 2972 1087 3052 quod
1111 2992 1192 3030 nuuc
1215 2984 1260 3031 est
1279 2975 1346 3033 foro

238 3059 385 3117 cernitur.
416 3057 502 3112 initio
519 3064 619 3112 autem
638 3074 656 3111 a
670 3057 776 3112 P'roeto
797 3055 953 3114 conditum
975 3056 1099 3130 dieitur,
1129 3058 1255 3136 quod
1230 3079 1294 3116 erus
1308 3060 1356 3116 fi-·
1410 3086 1416 3100 =

236 3144 297 3199 liae
322 3161 356 3199 eo
381 3144 414 3198 in
435 3142 502 3198 loco
522 3142 622 3197 furore
645 3141 764 3198 fuerant
786 3142 939 3198 liberatae.
989 3140 1039 3222 (8)
1060 3142 1204 3216 Addunt,
1228 3146 1346 3201 Melea-

238 3236 328 3304 gru'm
349 3229 382 3283 in
404 3223 461 3283 hoc
478 3229 544 3304 ipso
562 3228 677 3304 templo
696 3224 815 3283 hastam
831 3229 985 3302 posuisse,
1007 3246 1067 3305 que
1085 3247 1192 3305 aprum
1214 3229 1345 3306 Calydo-

237 3315 323 3368 nium
339 3312 517 3369 confecerat.
561 3315 596 3368 ln
614 3311 720 3368 eodem
737 3313 828 3367 etiam
846 3313 962 3389 templo
980 3311 1131 3371 dedicatas
1150 3313 1245 3371 fuisse
1263 3316 1365 3371 Mar--

236 3417 309 3477 syae
333 3399 432 3454 tibias.
490 3399 562 3454 Post
582 3396 748 3453 adversum
784 3397 864 3453 euim
883 3397 980 3453 Sileni
1003 3417 1106 3454 casum
1130 3417 1180 3455 eas
1202 3401 1346 3477 Marsyan

236 3503 358 3559 amnem
375 3485 405 3538 in
420 3480 626 3556 Maeandrum,
647 3479 756 3536 deiude
771 3482 804 3537 in
812 3483 949 3558 Asopum
965 3481 1126 3539 detulisse:
1149 3485 1259 3541 eiectas
1273 3483 1346 3541 inde

235 3571 268 3625 in
286 3587 393 3645 agrurn
414 3568 592 3645 Sicyonium
616 3576 768 3644 pastorem
788 3565 940 3643 quendam
958 3570 1133 3642 sustulisse,
1165 3579 1194 3625 et
1209 3570 1345 3648 Apollini

237 3652 363 3711 dicasse.
413 3655 464 3708 Ex
491 3654 528 3711 iis
553 3650 684 3709 donariis
705 3651 828 3708 nullmu
848 3670 920 3708 sane
946 3652 1123 3711 incendium
1147 3653 1241 3729 illud,
1285 3673 1345 3733 quo

270 3889 314 3941 42.
334 3879 362 3948 ἐς
376 3881 408 3940 τὰ
431 3894 458 3938 et
476 3902 536 3937 mox
557 3875 585 3945 ἔς
598 3879 649 3937 τὸν
664 3886 776 3938 SBMPe
809 3904 869 3939 mox
888 3882 1036 3956 ἀνιαθῆναι
1047 3887 1164 3940 AVbLa.
1188 3881 1274 3947 αὐλὸς
1290 3884 1358 3943 val

236 3956 388 4024 Angliab
415 3952 455 4017 εἰς
478 3962 591 4022 utroque
616 3955 675 4007 loco
698 3956 775 4008 AXK
807 3973 858 4006 τον
868 3970 950 4024 μαρσ
967 3959 1033 4021 La.;
1050 3965 1105 4010 tum
1113 3949 1258 4022 γινομένης
1268 3956 1308 4007 rd

236 4026 295 4077 lC.
842 4026 886 4078 45.
911 4027 952 4096 τῷ
971 4027 1032 4078 Σιλ.
1055 4025 1105 4092 τῆς
1124 4024 1272 4091 συμφορᾶς
1291 4026 1345 4083 ΒΜ

271 4094 316 4147 43.
319 4102 418 4178 ’φασιν
435 4093 547 4177 Ang.;
574 4093 651 4146 otiam
667 4093 723 4159 M„
746 4101 775 4147 at
808 4077 945 4163 PcAng‘·
976 4095 1027 4165 τῆς
1050 4108 1137 4161 σνμφ.
1167 4093 1208 4162 τῷ
1231 4093 1346 4175 Σιληνῷ

237 4171 298 4232 post
316 4162 367 4215 τοῦ
384 4130 553 4223 ’Λπόλλωνος
578 4164 666 4231 (quae
690 4133 773 4216 r6rbs
806 4164 878 4216 Edd.
896 4163 952 4216 rell.
972 4163 1065 4215 Vsus.
1101 4162 1132 4213 In
1156 4143 1198 4214 V6
1221 4161 1275 4215 sio:
1304 4162 1345 4251 se}

236 4233 313 4285 nobis
328 4233 464 4317 suspecta)
481 4230 700 4287 collocat..
806 4233 908 4300 σιληνῶ
924 4233 974 4301 τῆς
991 4231 1040 4299 τῆς
1054 4246 1140 4298 σνμφ.

270 4302 315 4356 44.
342 4294 363 4370 6
386 4302 437 4355 Va.
467 4308 523 4355 tum
548 4296 615 4357 vlrio
641 4296 771 4371 PeAgLa.
839 4303 884 4357 46.
886 4292 1204 4397 ύηιεοόντοςῪτΜΙιο.
