2872 4846
185 250 248 318 loo
470 336 473 340 η
644 249 829 312 arrum
925 242 929 246 “

186 419 243 492 καλ
270 413 317 506 ως
348 416 523 514 ἡλίσκετο,
555 415 672 490 αὑτὸν
693 421 869 514 ἐπιχειρεῖν
886 415 1100 503 ἀποκτείναι,
1130 417 1235 510 Νικίμ
1252 415 1297 487 δέ

187 518 249 619 τήν
268 516 463 615 παράδοσιν
479 521 694 615 auctorat&
719 525 887 616 γενέσθαι.
941 515 1079 592 τούτων
1094 522 1204 589 εἵνεκα
1224 511 1296 606 οὐκ

189 620 359 720 ἐνεγράφη
393 626 518 710 Νικίας
547 630 590 718 τή
621 619 747 719 στήλη,
790 626 1047 719 καταγνωσθεὶς
1078 617 1297 714 αἰχμάλωτος

139 746 173 800 13
189 722 373 822 ἐθελοντής
389 724 474 798 εἶναι
489 729 545 796 καί
566 721 634 798 οὐκ
651 722 737 821 ἀνὴρ
752 731 890 823 πολέμῳ
911 728 1060 820 πρέπων.
1107 727 1188 816 (10)
1213 727 1297 795 Εἰσί

188 830 226 902 δὲ
242 824 293 902 ἐπ’
306 824 391 924 ἄλλη
408 826 515 926 στήλη
537 832 594 900 καί
618 835 655 900 οἱ
672 826 898 923 μαχεσόμενοι
920 832 996 919 περὶ
1020 822 1160 922 Θρᾴκην
1175 826 1211 874 ⁵⁶
1237 830 1296 897 καί

188 937 224 1004 ίν
248 927 444 1026 Μεγάροις,
475 935 532 1003 καί
557 929 658 1028 ήνίκα
667 927 831 1026 Ἀρκάδας
859 928 947 1019 τοδς
969 935 1004 1003 ἐν
1032 934 1219 1024 Μαντινείᾳ
1238 927 1307 1000 καί

184 1029 343 1121 Ἠλείους
365 1038 495 1107 ἔπεισεν
512 1034 549 1081 ⁶⁶
568 1031 777 1129 Ἁλκιβιάδης
799 1037 1079 1125 Λακεδαιμονίων
1104 1028 1298 1128 ἄποστήναι

189 1139 246 1209 καί
264 1143 301 1208 oi
317 1140 400 1232 πρίν
420 1142 455 1224 ἐς
469 1143 629 1210 Σικελίαν
652 1133 841 1233 ἀφικέσθαι
858 1141 1090 1233 Δημοσθένην
1107 1141 1297 1229 Συρακου-

190 1243 275 1312 σίων
296 1236 533 1336 κρατήσαντες.
587 1246 669 1335 (11)
692 1236 892 1338 Έτοίφησαν
907 1243 943 1312 δὲ
961 1243 1018 1310 καί
1035 1245 1072 1309 oi
1084 1239 1120 1285 ⁵⁷
1141 1233 1298 1332 repletio

183 1337 440 1437 Ἑλλήσποντον
469 1340 751 1440 ναυμαχήσαντες
780 1348 838 1416 καί
860 1339 940 1415 ὅσοι
962 1338 1176 1414 Μακεδόνων
1201 1345 1296 1414 ἐναν-

189 1449 245 1515 τία
266 1439 478 1539 ἠγωνίσαντο
502 1449 538 1519 έν
560 1452 753 1541 Χαιρωνεία
770 1448 807 1495 5⁸
831 1449 888 1518 καί
920 1450 956 1517 ολ
973 1439 1056 1538 μετὰ
1079 1448 1244 1530 Κλέωνος
1261 1440 1299 1531 ές

186 1541 389 1642 Ἀμφίπολιν
407 1545 693 1644 στρατεύσαντες,
717 1555 757 1621 oi
768 1578 803 1622 τε
820 1554 856 1623 έν
872 1554 988 1646 Δηλίῳ
1004 1554 1052 1645 τῷ
1074 1548 1299 1642 Ταναγραίων

188 1647 450 1746 τελευτήσαντες
462 1656 520 1722 καί
533 1648 647 1740 ὅσους
662 1657 698 1739 ές
714 1658 905 1726 Θεσσαλίαν
919 1651 955 1698 ⁵9
974 1654 1181 1745 Λεωσθένης
1194 1645 1298 1745 ήγαγε

189 1755 299 1824 καλοί
319 1749 528 1841 πλεύσαντες
548 1759 583 1843 ές
600 1749 750 1848 Κύπρον
774 1752 868 1845 ὁμοῦ
884 1758 1036 1844 Κίμωνι,
1076 1760 1146 1824 τῶν
1167 1780 1202 1823 τε
1229 1747 1300 1824 ooo

185 1849 462 1953 Ὀλυμπιοδώρῳ
478 1851 543 1953 τήν
559 1852 725 1952 φρουρὰν
740 1852 954 1950 ἐκβαλόντων
964 1856 1000 1902 ⁶⁰
1020 1861 1126 1950 τριῶν
1140 1858 1198 1925 καί
1214 1858 1300 1926 δέκα

139 1970 173 2026 14
191 1953 317 2055 ἄνδρες
331 1954 379 2031 οὐ
394 1963 545 2046 πλείους.
586 1963 668 2054 (12)
696 1963 788 2031 Φασὶ
804 1961 841 2030 δὲ
856 1954 1032 2054 Ἀθηναῖοι
1048 1961 1106 2029 καί
1114 1953 1299 2049 Ῥωμαίοις

189 2054 326 2158 δμορόν
345 2088 422 2134 τινα
442 2066 636 2154 πολεμοῦσι
656 2057 810 2154 πόλεμον
825 2058 985 2157 στρατιὰν
1007 2055 1055 2133 οὐ
1069 2055 1201 2155 πολλήν
1216 2063 1299 2152 πέμ-

191 2249 270 2305 ciam
288 2269 358 2307 vero
377 2250 456 2306 ultro
471 2248 656 2323 deditionem
672 2252 796 2323 fecisse3
827 2269 955 2328 eamque
974 2250 1011 2307 ob
1027 2269 1092 2306 rem
1104 2268 1216 2306 nomen
1233 2249 1297 2306 eius

191 2333 223 2389 in
240 2333 380 2390 colmnna
396 2334 575 2413 inscriptum
595 2355 656 2394 uon
678 2356 758 2410 esse,
782 2332 881 2414 quod,
905 2353 937 2392 se
954 2353 1049 2413 quum
1064 2332 1200 2392 hostibus
1216 2336 1298 2391 ultro

190 2415 372 2491 dedidisset,
409 2418 489 2498 quod
513 2421 691 2500 imperatore
720 2441 753 2478 ac
776 2420 846 2478 forti
866 2421 930 2477 viro
956 2418 1082 2498 dignum
1108 2430 1202 2492 esset,
1232 2438 1295 2476 non

188 2502 310 2585 fecerat.
354 2503 423 2584 (10)
447 2506 526 2564 Sunt
546 2507 576 2562 in
597 2508 655 2563 alia
678 2509 817 2564 columna
840 2506 996 2582 inscripti,
1037 2507 1090 2584 qui
1112 2506 1141 2560 in
1162 2503 1294 2562 Thracia

189 2588 219 2645 ei
234 2584 272 2646 ad
284 2588 440 2666 Megaram
453 2601 643 2669 pugnarunt3
659 2583 778 2672 ‘quique
791 2605 862 2648 cum
877 2586 1034 2647 Alcibiade
1049 2591 1181 2662 fuerunt,
1203 2607 1300 2667 quum

189 2675 254 2731 eius
277 2677 487 2732 auctoritatem
509 2672 605 2734 secuti
627 2675 776 2748 Arcades,
795 2699 797 2702 ⁴
817 2677 870 2754 qui
891 2677 1079 2732 Mantineam
1105 2683 1225 2745 tenent,
1269 2670 1301 2730 ei

93 2776 96 2786 ’
188 2758 257 2814 Elei
284 2777 302 2813 a
328 2757 576 2817 Lacedaemoniis
604 2759 800 2831 defecissent;
842 2768 872 2815 et
900 2762 953 2838 qui
983 2770 1051 2816 ante
1080 2755 1297 2815 Demosthenis

191 2843 224 2896 in
240 2841 377 2900 Siciliam
391 2841 558 2900 adventum
575 2844 779 2922 Syracusanos
794 2845 940 2901 vicerunt.
965 2844 1034 2925 (11)
1048 2843 1192 2921 Sepulcra
1206 2846 1300 2899 etiam

191 2945 297 2983 eorum
307 2929 454 3001 visuntur,
479 2930 532 3008 qui
551 2927 590 2984 ad
600 2930 831 3006 Hellespontum
841 2930 944 2985 navali
958 2931 1072 3006 proelio
1088 2929 1299 3001 conflixerunt⁷

191 3020 221 3068 et
242 3012 294 3090 qui
317 3021 464 3069 steterunt
483 3022 586 3070 contra
608 3011 789 3071 Macedonas
811 3015 842 3070 iu
871 3013 1063 3087 Chaeronea,
1108 3017 1219 3094 quique
1243 3015 1299 3071 snb

190 3095 302 3153 Cleone
328 3096 367 3153 ad
388 3094 596 3177 Amphipolim
617 3110 800 3156 meruerunt.
859 3099 907 3157 Ad
929 3095 999 3171 hos,
1041 3102 1093 3178 qni
1114 3099 1153 3156 ad
1177 3100 1301 3155 Delium

189 3183 221 3237 iu
230 3181 477 3260 Tanagraeorum
505 3184 614 3242 finibus
643 3183 830 3257 ceciderunt,
873 3196 903 3242 et
932 3203 1007 3264 quos
1038 3188 1069 3239 in
1098 3184 1299 3242 Thessaliam

189 3263 373 3325 Leosthenes
394 3266 496 3341 duait,
528 3280 558 3327 et
580 3271 632 3349 qui
656 3291 725 3328 cum
748 3271 873 3328 Cimone
894 3270 926 3326 iu
946 3271 1079 3349 Cyprum
1098 3272 1298 3347 navigarunt:

189 3351 236 3407 illi
260 3352 369 3426 etiam,
402 3356 455 3431 qui
480 3355 731 3433 Olympiodormn
760 3357 872 3429 secuti,
915 3352 1062 3411 tredecim
1084 3374 1145 3412 non
1171 3356 1300 3431 amplius

188 3434 262 3510 viri,
291 3437 495 3495 Macedonum
515 3439 700 3519 praesidium
717 3441 877 3497 eiecerunt.
922 3438 990 3517 (12)
1005 3440 1118 3495 Femur
1130 3439 1300 3496 Athenien-

189 3540 254 3597 ses,
281 3522 428 3581 Romanis
449 3524 613 3604 aliquando
631 3545 663 3583 se
683 3524 845 3582 finitimum
862 3523 1018 3604 quoddam
1030 3525 1147 3582 bellum
1166 3526 1300 3602 gerenti-

223 3700 266 3755 54.
297 3696 378 3785 τοὺς,
389 3700 550 3772 παράδοσιν
575 3701 729 3773 ἐθελοντής
797 3704 840 3759 58.
854 3704 986 3776 χερωνείηι
994 3705 1079 3773 VbAg
1092 3705 1131 3770 (in
1140 3705 1182 3773 Ag
1198 3724 1227 3757 αι
1239 3724 1298 3776 sup.

189 3770 235 3822 Vt.
255 3776 309 3822 tum
328 3789 435 3824 τουτων
449 3770 530 3825 ἕνεκα
541 3777 580 3828 Μ.
762 3775 799 3840 ε).
818 3791 878 3826 mox
892 3772 924 3825 οῖ’
932 3790 961 3825 τε
973 3803 1008 3812 -
1020 3770 1232 3841 τελευτήσαντες
1244 3794 1298 3829 om.

223 3837 342 3908 55.περὶ
357 3836 730 3914 &opinorBPcAgVnNRLa.¹
761 3842 801 3894 Μ.
1177 3846 1230 3893 λεω

188 3901 319 4026 ἶὶήήτὴν
341 3910 393 3978 Θρ.
419 3909 502 3996 irad..
517 3921 579 3965 ante
595 3910 632 3980 B,
666 3912 725 3964 Vab
795 3910 847 4030 69η
857 3907 1298 4032 θηλήήτέηνλμαῗδημμσθέ-
1326 3944 1329 3953 .

262 4011 270 4027 ·
760 3997 777 4031 ν
848 3997 920 4032 me
982 3995 1014 4031 εν
1062 3994 1301 4030 omarum
1384 4029 1386 4035 ,

223 4043 266 4095 56.
287 4037 422 4114 ίπισθων,
439 4066 562 4119 νοστιμ,
579 4049 630 4102 La.
653 4043 726 4100 έπει-
761 3997 812 4117 Arg
1016 3996 1048 4045 m
1205 3995 1268 4045 Μ

188 4125 235 4162 σεν
251 4128 303 4165 om.
318 4114 355 4167 N.
373 4117 468 4178 κλίους
484 4114 580 4170 ἔπεσεν
591 4118 630 4170 Μ.
794 4119 836 4170 60.
858 4109 1050 4186 ἐκβαλλόντων
1067 4114 1120 4166 Vb.
1144 4110 1301 4183 συμβαλόν-

223 4176 311 4232 57>ολ
322 4200 372 4236 om.
380 4185 460 4238 VaM.
474 4205 533 4242 mox
542 4182 725 4255 ripuariorum
759 4203 815 4238 των
833 4187 884 4237 Va.
915 4194 969 4238 tum
988 4179 1019 4235 oi
1034 4184 1148 4244 πλείους
1171 4184 1209 4236 Μ.
1238 4200 1300 4237 mox

188 4247 227 4302 M.
244 4241 359 4304 ἐναντία
373 4270 424 4307 cm.
437 4256 486 4309 La.
758 4249 967 4324 πολλὴν-πέμψε
979 4253 1029 4307 La.
