2872 4846
415 246 501 305 suu
523 247 609 305 am.
630 248 669 305 11.
712 246 815 306 oar.
838 244 949 307 xxxi.
1178 248 1241 311 sol
1321 218 1328 225 ⁰

137 409 180 509 δή
198 440 230 485 τι
250 408 428 504 μάντευμα
443 414 618 509 ἐπίκλησιν
632 410 802 503 Σαώτου,
834 410 1000 506 δεύτερος
1022 411 1060 482 δέ
1084 415 1241 504 Θεμίδων
1275 466 1279 473 -

137 509 409 607 ὀνομαζόμενος·
451 511 611 603 Πιτθεδς
632 524 763 589 τοῦτον
784 510 970 611 ἆνέθηκεν,
1001 509 1049 600 ὡς
1068 518 1239 608 λέγουσιν.

130 614 253 689 Ἡλίου
283 620 321 689 δὲ
348 612 576 712 Ἐλευθερίου
601 623 658 691 καὶ
682 614 824 714 σφόδρα
848 614 954 691 είκότι
975 612 1067 711 λόγῳ
1089 621 1240 688 δοκοῦσί

136 748 197 811 μοι
219 726 363 814 ποιησαι
385 717 521 814 βωμόν,
550 717 761 817 ἐκφυγόντες
780 725 941 794 δουλείαν
964 713 1032 790 ἀπό
1051 717 1185 812 ,Ξέρξου
1203 744 1239 790 τε
1248 734 1308 797 185

136 826 191 894 καί
209 828 366 917 Περσῶν.
395 827 451 916 (9)
480 820 530 896 Τό
544 826 581 897 δέ
595 820 689 917 ίερδν
702 830 768 897 τοῦ
779 819 990 908 ’Λπόλλωνος
1003 827 1070 893 τοῦ
1086 825 1238 916 Θεαρίου
1256 839 1274 896 ⁶

136 921 389 998 κατασκευάσαι
403 925 441 972 ²⁰
462 929 523 1018 μὲν
538 932 674 999 Πιτθέα
694 932 846 1021 ἔφασαν,
872 931 943 998 ἔστι
959 926 997 995 δέ
1020 912 1069 996 ὦν
1082 923 1163 995 οἶδα
1176 946 1240 994 πα-

39 1020 42 1027 ’
136 1025 326 1101 λειότατον.
379 1023 522 1124 ἀρχαῖος
544 1031 606 1120 μὲν
624 1018 693 1101 οὖν
712 1032 770 1100 καί
785 1036 970 1100 Φωκαεῦσι
989 1041 1065 1113 τοῖς
1083 1031 1120 1098 έν
1133 1021 1242 1120 Ἰωνία

136 1126 223 1218 ναός
249 1135 340 1203 ἐστιν
359 1125 522 1224 Ἀθηνᾶς,
558 1126 601 1203 δν
614 1126 783 1224 Ἅρπαγός
802 1155 884 1203 ποτε
910 1126 931 1202 ὁ
954 1134 1083 1224 Μῆδος
1101 1132 1240 1222 ε’-νέπρη-

138 1251 213 1321 σεν,
241 1227 384 1327 ἀρχαῖος
398 1235 435 1306 δὲ
449 1239 507 1306 καί
521 1230 541 1306 ό
555 1239 704 1325 Σαμίοις
719 1229 932 1320 ’Λπόλλωνος
948 1237 1116 1304 Πυθίου·
1152 1225 1241 1325 πλην

136 1330 442 1431 πολύγεῧστερον
458 1333 633 1429 τοῦπαρὰ
653 1341 869 1430 Τροιζηνίοις
885 1331 1109 1430 ἐποιήθησαν.
1143 1329 1242 1426 ἄγαλ·

137 1467 183 1527 μα
202 1441 241 1509 δέ
264 1437 375 1509 ἐστι21
395 1435 436 1511 τδ
460 1434 512 1534 ἐφ’
539 1435 637 1534 ἡμῶν
659 1434 824 1532 ἀνάθημα
851 1433 1045 1524 Αὐλίσκου,
1081 1439 1180 1529 τέχνη
1204 1436 1243 1505 δὲ

131 1535 312 1632 Ἕρμωνος
340 1546 558 1636 Τροιζηνίου.
610 1548 677 1613 τοῦ
706 1542 743 1612 δέ
754 1537 938 1633 Ἕρμωνος
962 1533 1096 1610 τούτου
1120 1540 1175 1608 καί
1201 1531 1243 1607 τὰ

137 1648 206 1713 τῶν
234 1638 515 1736 Δίιοςιιούρων22
551 1639 658 1729 ξόανά
690 1647 791 1715 ἐστιν.
849 1645 930 1734 (10)
961 1646 1109 1712 ΙΚεῐνται
1137 1640 1176 1710 δὲ
1206 1640 1276 1709 brt
1329 1645 1332 1651 ’

138 1771 224 1846 otoo
242 1771 306 1838 της
325 1752 457 1838 αμορᾶς
473 1741 651 1839 γυναῖκες,
677 1750 788 1817 λίθου
807 1739 1024 1815 καίαόταί23
1041 1744 1150 1814 καλοί
1166 1754 1244 1811 παῖ·

137 1852 205 1933 δες.
284 1847 349 1917 είσί
385 1849 422 1919 δέ
455 1842 500 1936 ἃς
530 1842 703 1944 Ἀθηναῖοι
734 1851 951 1942 Τροιζηνίοις
983 1858 1150 1940 γυναῖκας
1185 1844 1243 1913 καί

136 1953 238 2021 τέκνα
259 1952 390 2022 ἔδωκαν
405 1949 444 1996 ²4
467 1946 605 2041 σώζειν,
638 1955 784 2024 έκλιπεσν
804 1955 927 2045 σφίσιν
948 1943 1075 2044 όρέσαν
1095 1942 1158 2042 τὴν
1178 1939 1242 2017 πό-

137 2058 191 2125 λιν
216 2053 302 2147 μηδὲ
316 2049 354 2099 ²⁶
379 2060 514 2150 στρατῷ
535 2057 624 2150 πεζῷ
648 2048 711 2126 τόν
733 2058 861 2147 Μῆδον
884 2047 1025 2123 ἐπιόντα
1047 2046 1242 2141 ὑπομεῖναι.

138 2321 185 2368 tae
212 2312 319 2388 (quasi
343 2309 511 2367 Servatora'a
530 2309 658 2382 dixeris)
686 2317 904 2387 cognoment03
940 2303 1129 2365 Themidum
1151 2305 1244 2363 altera

137 2397 320 2452 nominatur.
381 2397 466 2451 Hanc
489 2393 628 2454 Pittheus
654 2394 764 2453 dicitur
785 2393 950 2452 dedicasse.
1008 2394 1074 2452 Soli
1095 2411 1166 2450 vero
1189 2392 1245 2447 Li-

137 2481 267 2535 beratori
288 2481 352 2535 iure
377 2481 490 2556 optimo
515 2499 597 2537 aram
617 2479 696 2538 mihi
712 2479 853 2537 videntur
873 2480 1023 2554 erexisse,
1047 2488 1130 2534 nretu
1150 2476 1245 2533 Xerxi

138 2574 169 2621 et
183 2562 280 2622 Medis
303 2562 454 2621 serviendi
478 2566 605 2623 liberati.
649 2563 697 2644 (9)
721 2562 848 2623 Thearii
863 2565 1012 2640 Apollinis
1030 2563 1180 2640 templrnn
1193 2579 1247 2616 ae-

139 2649 273 2708 dificasse
285 2646 444 2706 Pittheam
463 2660 493 2707 et
511 2670 672 2709 exornasse
694 2648 809 2706 dicunt.
852 2650 906 2706 Est
920 2646 998 2706 illud
1017 2644 1142 2727 quidem
1165 2655 1246 2729 tem-

138 2738 258 2812 plorum
272 2736 420 2810 omnium,
444 2755 520 2814 quae
535 2755 591 2814 ego
607 2736 695 2807 novi,
716 2735 967 2792 vetustissimum·
1010 2734 1089 2789 Nam
1106 2732 1162 2787 etsi
1175 2750 1246 2808 per-

139 2830 224 2876 vetus
244 2829 289 2876 est
307 2821 461 2876 Minervae
484 2820 565 2898 apud
586 2819 777 2879 Phocaenses
796 2822 828 2874 in
850 2820 949 2890 Ionia,
982 2815 1065 2894 quod
1088 2819 1246 2893 Harpagus

139 2906 214 2962 olim
231 2902 339 2960 Medus
358 2907 493 2979 exussit3
522 2915 663 2984 pervetus
680 2914 709 2960 et
722 2900 825 2980 Pythii
839 2903 991 2978 Apollinis
1005 2899 1086 2979 apud
1107 2901 1259 2979 Samios:-

138 2991 234 3047 multo
255 2998 359 3046 tamen
383 2991 495 3064 serius,
528 3008 621 3067 quam
647 2987 706 3046 hoo
723 2988 978 3059 Troezeniorum,
1014 2984 1169 3043 aedificata
1192 2984 1246 3040 illa

138 3075 270 3130 fuerunt.
330 3073 476 3149 Signum,
507 3072 588 3152 quod
611 3094 691 3131 nunc
718 3083 818 3130 exstat
845 3073 881 3128 ab
910 3074 1035 3130 Aulisco
1064 3069 1246 3141 dedicatum,

139 3156 299 3216 Troezenii
312 3159 471 3215 Hermonis
487 3178 561 3236 opus
578 3169 631 3222 est.
677 3157 822 3215 Eiusdem
837 3159 997 3214 Hermonis
1014 3166 1076 3212 arte
1096 3154 1247 3210 elaborata

140 3242 299 3301 Castorum
321 3239 423 3317 lignea
444 3245 615 3302 simulacra.
673 3240 801 3321 (10)111
827 3242 885 3298 fori
905 3243 1022 3319 porticu
1045 3240 1246 3297 foeminarum

141 3336 171 3383 et
194 3345 357 3405 puerorum
378 3337 494 3386 statuae
514 3331 629 3408 positae
653 3338 743 3400 sunt,
767 3336 910 3405 utraeque
933 3344 1123 3397 emarmore.
1169 3323 1248 3380 Sunt

141 3421 243 3468 autem
262 3411 412 3469 foeminae
435 3416 522 3489 illae,
558 3432 632 3494 quas
655 3432 725 3469 curn
749 3411 819 3469 filiis
846 3408 1045 3467 Athenienses
1071 3407 1247 3466 Troezeniis

142 3494 304 3553 servandas
332 3501 560 3573 commisermrt,
606 3518 666 3577 quo
690 3508 825 3576 ternpore
854 3504 1022 3553 statuerunt
1055 3496 1114 3573 ipsi
1141 3491 1249 3549 urbem

144 3579 295 3653 deserere,
329 3580 411 3658 quod
431 3584 591 3642 Persauun
614 3586 764 3661 impetum
795 3601 856 3639 non
887 3600 952 3638 esse
978 3580 1035 3637 sibi
1058 3576 1246 3636 terrestribus

178 3831 221 3884 20.
240 3824 429 3881 κατασκεοίσαι
440 3828 548 3883 M-mox
560 3824 681 3898 ἀρχαῖον
747 3830 790 3884 23.
811 3823 896 3881 αὐταί
908 3827 1010 3897 BPeAg
1029 3837 1057 3882 st
1073 3825 1250 3899 (parcam-in
1266 3875 1277 3885 ,
1325 3812 1334 3837 ”’

143 3900 194 3951 Va.
223 3914 265 3965 sq.
286 3885 338 3978 οόν
356 3915 406 3950 om.
426 3896 486 3949 SM.
524 3899 681 3985 ρωκριειῖριν
712 3898 833 3982 Aqdead.
843 3899 878 3950 T.
891 3899 978 3963 V.)S.
999 3893 1084 3951 αόται
1094 3898 1158 3964 (sic)
1177 3895 1247 3946 Vas.

143 3969 196 4020 Vb·
220 3982 346 4032 φωκεαοι
365 3966 416 4020 Lb.
449 3983 557 4024 moxov
575 3985 612 4034 αρ
630 3984 682 4036 oto·
714 3985 798 4019 αυται
818 3969 877 4020 edd.
892 3968 950 4020 rell.
1120 4026 1126 4046 ι
1213 4028 1223 4039 ·

144 4034 317 4154 ”artu
331 4102 415 4171 vag
669 4029 1249 4173 ·„atstuutsrvttaaf⁰·

147 4166 398 4293 sogrzreflmo'm
417 4139 527 4226 thab.
549 4164 679 4227 έοτινΙλ).
705 4174 792 4294 'Van'
820 4125 862 4243 lon*
887 4169 919 4226 δὲ
948 4143 1047 4227 VabH·
1081 4154 1253 4235 ωοπ“μει”νιιι

1265 4400 1293 4451 ,.
