2872 4846
222 254 289 341 in
394 228 436 317 ¹-
559 257 563 265 '
687 274 876 335 Annius

223 441 281 515 καλ
304 437 391 530 ναὸς
413 434 461 514 ού
475 441 582 535 μέγας
602 442 711 533 ἐστίν,
738 444 774 531 ές
790 436 833 516 ὃν
847 447 914 515 τού
930 437 1115 515 Διονύσου
1131 445 1198 515 τού
1208 436 1344 517 Ἐλευ-

146 630 149 635 .
223 546 356 641 θερέως
384 537 426 616 τὰ
454 539 588 638 ι’ίγαλμα
608 539 673 617 circi
695 551 765 619 πᾶν
786 548 864 634 ἔτος
885 548 1089 638 κομίζουσιν
1114 547 1150 621 έν
1173 546 1344 639 τεταγμέ-

224 676 302 735 ναις
326 643 479 744 ἡμέραις.
541 641 615 742 ίερίι
641 650 703 740 μέν
734 664 836 744 σφισι
860 643 1006 744 ταύιρ9
1040 643 1196 721 τοσαῦτά
1226 652 1344 737 ἐστιν,
1414 676 1417 681 ·

190 754 283 846 e(3)
314 744 433 845 Τάφοι
453 751 492 822 σέ
510 746 774 846 Θρασυβούλου
788 752 851 844 μέν
864 757 1004 845 πρῶτον
1027 756 1095 823 τοῦ
1117 746 1246 824 Λύκου
1274 744 1343 824 άν-

223 848 312 946 dode
330 858 400 926 cciv
421 880 456 925 τε
476 847 627 947 ὕστερον
642 857 701 926 καλ
716 849 797 928 ὅσοι
813 849 883 950 πρό
904 832 1342 951 αύτούγιμόνασιυίΑθη-

223 961 337 1045 ναίοις
362 950 500 1052 λόγιμοι
514 955 549 1003 ¹⁰
577 951 619 1030 τά
639 952 751 1030 πάντα
774 953 938 1053 ἀρίστου·
981 959 1122 1050 παρέντι
1147 959 1187 1030 σέ
1207 983 1271 1049 μοι
1291 951 1343 1031 wi

223 1064 328 1134 nisio
343 1064 501 1151 τοσαῦτα
516 1057 546 1106 ¹¹
563 1063 599 1148 ές
613 1064 728 1135 πίστιν
741 1055 875 1157 ἀρκέσει
896 1066 964 1133 τού
985 1055 1113 1155 λόγου·
1140 1062 1344 1154 τυραννίδα
1412 1148 1416 1155 Ι

224 1190 289 1261 γαρ
305 1165 433 1235 ἔπαυσε
455 1167 526 1234 τῶν
539 1158 723 1259 τριάκοντα
742 1165 966 1255 καλουμένων
987 1156 1056 1236 σύν
1072 1156 1239 1258 άνθράσιν
1257 1158 1342 1261 έξή·

225 1291 333 1339 κοντα
345 1258 386 1338 τύ
400 1260 471 1337 κατ’
485 1259 593 1362 άρχίις
605 1262 773 1364 ὁρμηθείς
795 1270 833 1340 έκ
848 1271 974 1363 Θηβῶν
1003 1267 1062 1337 καλ
1082 1259 1358 1361 Ἀθηναίουςῑῑῇ·

76 1374 81 1393 “
118 1391 128 1451 f
226 1363 471 1458 στασιάζοντας
489 1372 710 1467 διαλλαγῆναι
734 1372 792 1442 καί
813 1371 1056 1462 συνθεμένους
1080 1371 1190 1441 ἔπεισε
1208 1380 1340 1460 μεῖναι.

224 1477 364 1568 πρῶτος
385 1474 448 1564 μέν
463 1475 555 1545 ἐστιν
573 1463 683 1562 ούτος
707 1467 838 1568 τάφος,
876 1476 932 1546 έπλ
946 1473 983 1546 δέ
997 1466 1093 1569 αύτῷ
1111 1469 1143 1517 ¹³
1168 1472 1339 1567 Περικλέ-

190 1594 210 1675 i
227 1601 294 1663 ους
306 1602 342 1648 τε
356 1577 413 1647 καὶ
429 1579 590 1671 Χαβρίου
605 1579 662 1650 καί
680 1580 896 1673 Φορμίωνος.
937 1579 994 1670 (4)
1001 1571 1101 1648 ’Ἐστι
1122 1574 1160 1647 δέ
1172 1576 1231 1647 καί
1245 1579 1340 1648 πᾶσι
1397 1602 1400 1607 ·

98 1708 114 1730 =
223 1684 341 1774 μνῆμα
366 1671 561 1773 Ἀθηναίοις
595 1674 743 1766 ὁπόσοις
776 1674 967 1753 ἀποθανεῖν
1007 1680 1194 1752 συνέπεσεν
1223 1679 1261 1748 έν
1298 1703 1339 1767 τεΙ

223 1783 431 1877 ναυμαχίαις
444 1781 501 1853 καί
517 1783 553 1855 έν
569 1776 695 1878 μάχαις
711 1779 748 1863 ¹4
775 1785 891 1870 πεζαῖς
919 1775 1010 1876 πλὴν
1035 1775 1116 1853 ὅσοι
1132 1782 1339 1873 Μαραθῶνι

224 1877 344 1957 αὐτῶν
365 1876 594 1984 ἠγωνίσαντο·
636 1878 780 1972 τούτοις
800 1876 866 1981 γάρ
894 1877 979 1955 κατά
999 1878 1115 1979 χώραν
1130 1879 1164 1928 ¹⁵
1189 1883 1277 1958 εἰσίν
1299 1886 1343 1989 oi

223 2142 297 2183 men
320 2120 431 2183 tradito
447 2124 523 2182 sinte
561 2125 619 2182 Est
637 2123 730 2183 etiam
744 2120 833 2182 aedes
848 2143 909 2183 non
925 2141 1048 2201 magno,
1065 2125 1098 2181 iu
1112 2140 1204 2202 qnam
1218 2118 1337 2183 Bacchi

204 2205 450 2269 'Eleutherensis
474 2210 672 2268 simulacrum
694 2211 854 2289 quotannis
879 2210 963 2268 statis
986 2207 1092 2267 diebus
1113 2216 1243 2288 portant.
1292 2210 1337 2269 Et
1379 2264 1384 2273 ‚

224 2301 271 2351 tot
289 2291 414 2372 quidem
424 2294 497 2372 ipsis
512 2313 547 2352 ea
561 2292 646 2375 parte
663 2304 735 2354 sunt
755 2294 845 2354 aedes
860 2313 972 2354 sacrae.
1017 2291 1064 2374 (3)
1085 2295 1149 2351 lam
1167 2313 1239 2352 vero
1253 2291 1337 2353 inter

225 2379 365 2456 sepulcra
382 2379 517 2458 primum
531 2381 645 2439 obtinet
657 2383 759 2440 locum
769 2378 961 2460 ‘Thrasybuli
976 2381 1052 2458 Lyci
1065 2379 1139 2453 filii,
1160 2380 1219 2438 viri
1232 2372 1341 2438 Athe-²

225 2463 379 2522 niensium
392 2466 545 2541 omnium,
567 2468 620 2545 qui
633 2477 701 2524 aute
714 2468 815 2546 ipsmn
827 2468 930 2536 fuere,
960 2467 1072 2544 quique
1097 2464 1169 2522 sunt
1192 2465 1255 2522 eius
1278 2483 1338 2523 ae·

225 2557 321 2609 tatem
341 2553 511 2625 consecuti,
533 2555 617 2610 omni
633 2545 761 2611 laudum
785 2572 894 2631 genere
915 2551 1184 2629 praestantissimi:
1207 2547 1244 2607 de
1259 2542 1342 2628 quo,¹

129 2686 133 2697 ,
227 2653 324 2714 quum
337 2633 416 2693 nihii
430 2656 512 2695 rrunc
524 2657 648 2698 necesse
664 2641 704 2697 sit
719 2640 821 2697 omnia
837 2654 1084 2709 commemorare,
1105 2653 1203 2694 unum
1216 2643 1339 2713 tamen,

125 2724 129 2737 '
227 2739 270 2777 ex
288 2723 408 2798 quosit
428 2723 493 2780 eins
509 2723 605 2780 virtue
621 2733 745 2794 testata,
772 2742 835 2780 non
857 2722 1107 2799 praetermittam.
1157 2722 1186 2777 Is
1206 2719 1338 2796 triginta,

107 2840 110 2845 -
226 2813 426 2882 tyrannorum
452 2804 641 2863 dominatmn
660 2807 747 2864 initio
771 2824 842 2861 omn
861 2806 1021 2882 sexaginta
1042 2825 1105 2864 non
1126 2805 1256 2883 amphus
1277 2823 1337 2864 so-

217 2890 297 2962 -ciis,
327 2887 445 2949 Thebis
462 2888 634 2966 profectus,
658 2892 781 2962 evertit,
810 2900 840 2947 et
854 2888 1090 2948 Atheniensibus
1111 2888 1259 2948 diuturnis
1280 2909 1336 2948 se-

226 2973 389 3035 ditionibus
406 2992 484 3050 pene
498 2972 643 3046 afflictis,
666 2976 889 3053 compositionis
906 2986 936 3033 et
953 2974 1127 3033 concordiae
1141 2985 1245 3033 auctor
1261 2975 1336 3036 fuit.

224 3061 288 3119 Alii
307 3056 447 3147 deinceps
474 3068 546 3117 sunt
566 3061 693 3133 tinnuli,
721 3062 862 3134 Periclis,
886 3059 1050 3136 Chabriae,
1078 3071 1108 3118 et
1128 3057 1334 3119 Phormionis.

225 3141 275 3225 (4)
296 3145 351 3201 Est
377 3145 469 3201 etiam
491 3163 582 3202 suum
602 3147 742 3205 omnibns
759 3144 1007 3220 Atheniensibus,
1037 3148 1090 3225 qui
1104 3156 1156 3203 aut
1172 3147 1334 3205 navalibus
1376 3184 1379 3188 -

224 3239 277 3287 arat
293 3229 480 3288 terrestribus
494 3232 618 3309 proeliis
626 3253 684 3310 pro
692 3234 796 3309 patria
808 3242 938 3290 mortem
955 3233 1123 3310 oppetiere,
1144 3250 1330 3289 monrnuen-

222 3325 307 3392 tum,
329 3317 366 3374 iis
384 3319 528 3396 exceptis,
554 3320 607 3398 qui
628 3317 667 3375 ad
685 3315 895 3377 Marathonem
916 3316 1098 3376 ceciderunt.
1159 3317 1224 3374 Illis
1248 3317 1336 3377 enim

255 3535 283 3589 9.
304 3529 392 3604 ταύτῃ
405 3534 458 3589 Vs.
469 3553 521 3588 om.
545 3534 610 3588 Mox
622 3525 697 3588 ἔστιν
709 3533 761 3602 Ag.
832 3533 873 3587 12.
890 3527 1049 3602 Ἀθηναίοις
1060 3536 1113 3590 Va.

223 3597 279 3658 ἐπί
292 3603 465 3657 Εᾱὼοθᾶᾱ·
478 3602 540 3657 ³⁸¹¹·
830 3619 872 3673 13.
891 3612 969 3689 αύτῷ
980 3622 1049 3674 coni.
1068 3622 1146 3678 Poro.
1159 3625 1199 3694 C,
1222 3631 1332 3695 recepta

230 3762 232 3767 Ι
258 3709 301 3760 10.
321 3684 761 3772 μόριμοιΜΝνώΛῙίΚμςῃθςῃῑ
794 3688 883 3743 aSB.
910 3682 1332 3749 αύτοῦῦοσσ.[1ι1σ.ι·α11.ιυοκ

223 3772 370 3828 Schneider
387 3789 413 3826 ε.
432 3789 460 3828 τ.
477 3764 586 3841 λόγιμοι
612 3773 759 3827 Ceconi.
792 3757 912 3824 λαυθίθίί
925 3758 974 3810 11⁰·
995 3760 1218 3830 φθθβίωνθέῐιῦ.

223 3842 325 3895 Coraii.
346 3838 577 3897 αᾱΡΙα1.Οοιίοί.
590 3840 705 3910 3381Τ.
722 3842 760 3909 li,
831 3841 872 3895 14.
891 3840 941 3895 καὶ
952 3837 983 3897 έν
991 3840 1093 3914 μάχαις
1104 3863 1156 3901 om.
1169 3847 1257 3918 votg.
1270 3866 1331 3906 nox

222 3929 261 4032 po
261 3911 299 4034 dd.
308 3908 547 3983 Pongvtvmsn.
566 3904 678 3986 δόκιμοι
688 3910 758 3964 coni.
794 3904 884 3964 αὐτὸν
894 3912 944 3966 Le.

144 4086 150 4095 “
260 4084 304 4137 11.
320 4081 552 4137 voooirnVaMS.
571 4076 673 4136 τοσάδε
685 4083 758 4137 Edd.
793 4101 820 4139 r.
833 4101 896 4155 pag.
909 4087 973 4140 79.“
990 4084 1044 4153 [eo.
1100 4084 1112 4154 ]
1136 4087 1176 4139 sic
1193 4087 1330 4163 Excerpta

222 4150 309 4215 codd.
326 4152 387 4206 reti.
398 4181 435 4193 -
446 4159 501 4209 um
512 4151 589 4213 τίσιν
604 4146 697 4225 αίρέοει
706 4152 757 4206 Le.
792 4161 883 4207 nostra
898 4155 1003 4224 Mosq„
1026 4169 1078 4221 quo
1092 4154 1183 4210 similis
1196 4156 1256 4213 folii
1267 4163 1329 4245 per

231 4218 234 4225 ,
257 4214 341 4301 xpm·
569 4286 575 4295 ⁹
742 4225 744 4230 '
791 4220 880 4276 versio
896 4220 1009 4278 indicari
1019 4222 1125 4279 videtu
1141 4226 1245 4301 qualem
1258 4228 1328 4287 libro

138 4272 198 4339 ff.
220 4284 330 4363 dmm
346 4289 400 4344 va·
748 4358 751 4365 Ι
790 4290 932 4364 vunan.
949 4290 1106 4350 videbifflffl·

829 4013 872 4071 15.
891 4010 1001 4083 „scirpos
1019 4007 1052 4068 δέ
1064 4033 1120 4137 po
1137 4010 1210 4072 κατά
1224 4012 1330 4088 χώραν.
