2872 4846
187 260 271 321 xnn
552 253 962 319 PRAEFM'lO.

123 494 126 507 .
187 437 323 506 deantur
339 455 372 501 v.
393 456 429 526 g.
448 431 644 522 Bernhardy
667 432 708 500 ad
720 431 859 521 Dionys.
872 429 1006 522 Perieg.
1021 429 1108 498 337.
1122 426 1209 496 440.
1224 427 1327 516 ibique

184 539 321 630 laudan,
331 536 472 606 Dindori
480 533 522 603 ad
532 536 699 626 Aristoph.
713 535 791 603 Pac.
807 533 918 604 1040.
938 533 1124 603 Hemsterh.
1138 533 1178 600 ad
1191 534 1325 602 Lucian.

186 640 370 731 Contempl.
386 641 428 707 Ψ.
443 639 502 731 111,
517 662 549 729 p.
564 637 651 707 387.
665 640 740 730 Bip.
787 639 894 723 Quare
908 637 1126 706 accedentibus
1140 639 1327 729 plerumque

185 744 342 814 wdlclbus
369 750 555 813 constanter
579 744 762 835 scripsimus
790 741 948 830 Κηφισός,
976 742 1160 828 Παρνασός,
1189 740 1325 819 Κνωσός,

184 847 327 936 Λάρισος
340 853 373 915 et
384 845 527 935 Λάρισα,
545 843 771 935 Ἁλικαρνασός,
793 844 970 934 Περμησός,
991 845 1190 930 Πρυμνησός,
1213 849 1324 930 llqioe,

177 952 367 1039 Ἄμβρωσος.
417 950 454 1018 ln
471 947 648 1017 Cassandri
666 953 794 1017 nomine
813 976 833 1015 σ
850 950 1047 1040 geminatum
1065 949 1325 1016 conservavimus

183 1075 277 1143 quum
294 1055 396 1143 longe
414 1053 575 1142 plerisque
594 1054 627 1119 in
644 1053 724 1120 locis
747 1053 872 1120 codices
893 1054 1072 1120 consentire
1091 1052 1122 1119 in
1142 1053 1202 1118 bac
1221 1051 1325 1119 forma

182 1155 376 1224 videremus.
411 1154 516 1222 Porro
528 1155 668 1223 unanimi
681 1154 751 1222 fere
763 1157 916 1224 librorum
928 1176 1022 1221 manu
1038 1156 1228 1245 scriptorum
1242 1175 1325 1222 con—

182 1279 280 1327 sensu
299 1256 453 1327 edidimus
477 1262 595 1347 Γρῦλος
619 1264 652 1327 et
675 1279 740 1326 non
760 1259 830 1325 sine
856 1257 999 1327 codicum
1025 1278 1160 1325 assensu
1181 1260 1325 1335 Σελασία,

110 1438 113 1443 ,
176 1357 304 1450 Ἅρπινα
320 1359 498 1450 (Ἁρπίνῃ),
530 1363 676 1442 Illicere,
709 1363 844 1428 Δίκτυνα
865 1366 899 1430 et
918 1359 1055 1446 'Eorvd;,·
1087 1366 1120 1429 at
1141 1366 1327 1430 constanter

56 1532 64 1545 ,
151 1468 160 1478 ’
181 1466 351 1563 geminatis
364 1493 381 1554 ρ
396 1472 429 1534 et
441 1493 468 1544 v,
493 1462 714 1554 Xeqto‘dvdqoog.

105 1651 108 1657 ,
188 1596 193 1607 ·
283 1566 474 1637 Versionem
503 1570 635 1636 latinam
662 1570 834 1639 adiecimus
856 1590 877 1635 a
896 1564 1077 1658 Sylburgio
1099 1574 1131 1637 et
1152 1565 1324 1638 Siebelisio

39 1747 44 1759 q
182 1675 373 1764 castigatam
386 1677 419 1740 et
430 1673 608 1741 recensioni
620 1679 752 1742 nostrae
764 1673 958 1763 adaptatam.
1009 1671 1053 1739 Ut
1064 1673 1220 1739 lectorum
1233 1690 1325 1737 com-

182 1775 325 1846 moditati
339 1776 564 1844 inserviremus
581 1778 614 1842 in
631 1778 702 1868 ipso
718 1781 871 1844 contextu
890 1780 1061 1864 segmenta
1081 1774 1228 1842 editionis
1243 1769 1325 1842 Sic·

182 1877 375 1967 belisiame,
420 1879 452 1943 in
477 1880 671 1970 marginibus
698 1879 845 1948 editionis
872 1876 1102 1946 Bekkerianae
1127 1883 1160 1945 et
1186 1877 1324 1966 paginas
1410 1964 1415 1969 .

180 1978 375 2049 Kubnianae
386 1978 603 2049 indicavimus.
655 1980 798 2070 Denique
811 1982 948 2072 singulis
961 1981 1114 2071 capitibus
1135 1983 1325 2070 argumenta

71 2112 76 2117 ·
179 2085 400 2174 praemisimus
414 2103 435 2148 a
447 2079 620 2154 Siebelisio
633 2083 793 2154 contecta.

283 2186 388 2272 cuum
401 2187 541 2256 subsidia
555 2186 786 2278 lugdunensia
800 2187 945 2256 absoluto
958 2189 1022 2254 iam
1036 2185 1104 2254 tere
1123 2204 1221 2276 opere
1233 2185 1323 2253 nobis

98 2368 101 2375 ,
180 2292 472 2358 transmitterentur
495 2292 553 2359 sub
580 2311 710 2359 censum
735 2292 838 2360 denuo
863 2290 1046 2358 revocanda
1072 2295 1143 2357 erat
1167 2308 1246 2376 resq
1274 2289 1324 2355 cui

180 2389 284 2460 officio
306 2413 493 2482 quamquem
512 2415 636 2463 summa
656 2397 815 2486 religione
839 2400 933 2483 atque
957 2393 1113 2461 industria
1135 2391 1324 2472 satisfacere

177 2493 340 2563 indefesso
355 2495 462 2563 studio
475 2500 581 2566 conati
593 2499 715 2588 sumus,
741 2505 925 2566 nontamen
948 2517 1059 2567 omnes
1078 2497 1323 2584 inaequalitates

175 2596 251 2666 inde
264 2604 398 2666 exortae
413 2603 572 2667 removeri
586 2607 757 2690 potuerunt
765 2625 776 2689 3
802 2606 934 2669 teneant
946 2604 1052 2688 itaque
1066 2601 1205 2666 lectores
1224 2599 1276 2663 ubi
1290 2601 1323 2663 in

176 2701 284 2790 priore
307 2702 413 2787 operis
433 2707 526 2788 parte
545 2701 647 2792 (libro
668 2703 683 2766 l
704 2710 735 2768 et
754 2702 886 2775 secundi
903 2709 995 2789 parte
1014 2693 1175 2784 maxima)
1196 2699 1322 2765 codices

109 2852 112 2857 -
177 2800 415 2888 Lugdunenses
429 2802 548 2869 diserte
561 2823 624 2869 non
639 2805 840 2871 nominantur
853 2804 1034 2870 consentire
1048 2822 1105 2868 eos
1118 2822 1188 2867 cum
1202 2796 1322 2869 Siebe-

176 2906 241 2972 lisii
264 2901 403 2969 editione
423 2906 549 2971 minori.
600 2903 756 2972 Fortasse
771 2905 851 2970 alias
867 2906 962 2970 etiam
976 2904 1128 2992 quasdam
1140 2905 1321 2992 inaequali-

177 3013 261 3076 tates
281 3005 537 3075 animadvertent
559 3007 698 3075 lectores
720 3010 851 3098 attenti,
879 3028 958 3095 quas
977 3010 1033 3074 vel
1052 3010 1083 3074 in
1104 3029 1225 3074 summa
1239 3031 1321 3075 con-

165 3108 286 3178 cordia
306 3107 416 3176 delere
434 3131 498 3179 non
519 3112 677 3199 potuimus
698 3117 787 3180 tanto
801 3117 959 3178 terrarum
970 3112 1142 3180 intervallo
1157 3112 1319 3199 disiuncti3

176 3232 342 3304 speramus
374 3217 480 3280 tamen
512 3211 583 3281 iore
603 3219 651 3281 tut
677 3213 845 3283 commoda
872 3215 1044 3283 consociati
1072 3216 1192 3281 laboris
1217 3216 1319 3282 multo

96 3331 99 3335 ’
175 3318 299 3386 maiora
315 3314 484 3386 videantur
503 3338 594 3404 quarn
612 3317 810 3386 incommoda
823 3318 979 3408 quaedam
990 3320 1114 3385 minora
1126 3316 1212 3385 haud
1225 3317 1319 3385 facile

132 3421 133 3424 ’
174 3419 380 3490 removenda.

276 3524 413 3593 librarii
425 3524 642 3592 humanissimi
652 3522 780 3617 laudem
794 3524 942 3592 nolumus
953 3524 1152 3617 praedicare,
1163 3525 1214 3591 ubi
1225 3523 1319 3593 Hah-

175 3629 218 3695 nii
228 3649 344 3699 nomen
358 3634 390 3696 et
401 3629 483 3694 liber
496 3629 564 3717 ipse
580 3628 698 3697 diserte
713 3630 792 3696 satis
806 3628 956 3717 loquitur.

180 3754 183 3758 ·
275 3734 344 3798 lam
364 3733 519 3820 expositis
544 3731 691 3798 subsidiis
712 3733 831 3799 nostris
853 3740 886 3801 et
903 3733 1036 3799 instituti
1059 3735 1183 3800 ratione
1196 3732 1317 3797 inuni-

173 3854 314 3924 versum‚
353 3835 591 3902 obseruationes
617 3834 657 3902 de
682 3834 761 3903 locis
789 3833 973 3923 quibusdam
999 3837 1187 3901 subnectere
1212 3834 1318 3919 placet

174 3959 252 4027 quas
275 3937 418 4024 recipere
442 3940 474 4003 in
501 3939 743 4007 commentarios
766 3959 829 4005 non
850 3940 1019 4026 potuimus.
1050 3972 1096 3985 —-
1123 3934 1271 4002 Mutilum
1284 3940 1317 4003 et

172 4032 361 4108 lacunosum
384 4058 457 4106 esse
480 4040 673 4109 Pausaniam
699 4042 806 4109 multis
831 4042 863 4108 in
887 4041 967 4110 locis
994 4040 1049 4107 alii
1072 4041 1134 4105 iarn
1155 4036 1316 4135 viderunt,

172 4146 352 4231 multasque
375 4143 560 4212 manifestas
579 4145 711 4213 lacunas
734 4144 926 4232 indicarunt3
953 4151 987 4212 at
1007 4143 1126 4210 multae
1145 4140 1248 4208 adhuc
1260 4143 1315 4207 la·

174 4254 242 4317 tent
257 4265 333 4338 quas
346 4262 439 4313 ncmo
452 4245 612 4340 hucusque
625 4249 808 4341 suspicatus
824 4253 874 4315 est
895 4246 1064 4341 (quaeres
1080 4245 1239 4314 cautiores
1252 4245 1316 4312 de-
