2872 4846
184 294 214 351 X
557 289 962 356 PRAEFATIO.

184 466 280 532 nimia
299 463 441 533 tortasse
456 464 602 545 lectionis
616 488 709 557 quarn
722 474 905 559 nuncupant
915 468 1083 560 vulgatam
1096 470 1278 539 reverentia
1289 477 1322 538 et

183 569 348 637 timiditate
374 569 509 657 quadam
535 568 605 638 fere
631 573 725 639 senili
743 573 982 640 emendationes
1002 570 1278 642 manifestissimas
1300 596 1321 641 a

181 673 291 740 codice
310 672 433 741 oblatas
451 677 506 741 aut
524 695 545 739 a
564 694 601 740 se
613 676 682 763 ipso
695 676 801 744 aliove
813 678 959 744 inventas
974 677 1006 741 in
1020 679 1245 746 commentario
1261 698 1320 744 re-

180 779 273 844 tinuit
295 776 429 865 aliisque
449 779 480 844 in
502 783 686 845 contextum
699 798 755 846 eas
769 778 940 868 recipiendi
952 778 1081 845 laudem
1094 781 1234 870 reliquit,
1256 768 1318 869 quo

179 878 298 948 factum
319 885 425 947 estut
448 900 512 947 non
533 902 597 948 uno
616 881 689 949 loco
714 884 747 948 in
772 882 911 950 editione
930 880 1143 949 Bekkeriana
1163 884 1317 975 egregias

178 991 378 1052 correcturas
392 985 510 1051 omisso
524 984 662 1052 auctoris
676 987 803 1053 nomine
815 988 910 1053 tacite
922 985 1086 1052 videamus
1100 992 1268 1075 receptasa

280 1085 406 1154 Eodem
425 1084 495 1153 tere
515 1091 659 1177 tempore
678 1089 710 1154 in
724 1088 837 1156 Gallia
853 1088 970 1178 prodiit
985 1088 1082 1155 editio
1099 1083 1317 1177 8161111015-

175 1192 265 1258 vierii
280 1187 407 1282 (Paris.
425 1187 524 1258 1814
535 1226 581 1238 -
593 1186 705 1257 1823.
727 1191 843 1261 7voll.
864 1185 923 1279 8.)
938 1191 981 1259 ad
993 1193 1116 1259 matora
1128 1190 1316 1280 adspirans3
1340 1196 1343 1201 '

175 1295 329 1384 promittit
349 1295 431 1361 enim
449 1314 566 1361 novam
586 1296 807 1363 recensionem
829 1296 870 1362 ad
883 1294 977 1362 tidem
991 1295 1133 1363 codicum
1145 1293 1316 1362 Parisino-

174 1420 244 1465 rum
253 1423 264 1488 3
289 1404 324 1466 at
342 1399 506 1487 promissis
520 1418 583 1466 non
597 1400 685 1467 stetit
691 1422 702 1487 3
734 1398 851 1467 multos
865 1397 989 1488 quidem
1000 1400 1090 1467 locos
1105 1397 1248 1466 codicum
1259 1399 1315 1464 in·
1367 1420 1378 1435 ‘

174 1505 323 1593 geniique
342 1502 462 1570 auxilio
481 1498 683 1593 emendavit,
708 1523 825 1570 novam
848 1522 928 1570 vero
951 1502 1226 1593 recognitionem,
1252 1522 1314 1590 quo

174 1626 233 1674 nos
255 1626 353 1673 sensu
373 1603 436 1674 hoc
456 1606 592 1674 nominis
612 1604 765 1674 adhibere
786 1606 945 1696 solemus,
965 1607 1147 1694 neutiquam
1166 1605 1313 1671 instituit.

173 1707 386 1777 Perlustravit
401 1710 484 1775 enim
497 1710 546 1776 vir
559 1709 741 1799 ceteroquin
756 1709 975 1778 meritissimus
988 1708 1114 1776 codices
1129 1706 1313 1777 Bibliothe-
1362 1782 1367 1793 f

174 1833 231 1879 cae
253 1815 366 1905 regiae
383 1813 554 1901 variasque
576 1812 650 1879 inde
674 1814 835 1903 excerpsit
854 1813 1010 1881 lectiones
1030 1811 1196 1880 commode
1217 1817 1313 1899 atque

173 1915 371 1986 defunctorie
377 1939 390 2005 3
414 1914 509 1984 tidem
528 1936 606 1984 vero
626 1916 717 1983 illam
739 1923 771 1984 et
792 1916 984 2008 religionem
999 1920 1031 1982 et
1045 1916 1099 1983 vel
1112 1915 1313 1983 minimorum

172 2042 281 2088 curam
304 2038 384 2110 quae
404 2041 445 2087 ne
458 2017 628 2087 manifesta
642 2020 766 2110 quidem
777 2019 894 2087 menda
912 2018 1046 2109 despicit
1072 2022 1199 2087 omnino
1220 2016 1312 2082 desi-

171 2122 332 2214 deramus,
356 2125 428 2191 sine
450 2124 559 2212 quitus
580 2127 685 2191 tamen
705 2123 794 2191 nullo
814 2122 910 2191 modo
932 2143 1035 2213 neque
1048 2120 1089 2189 de
1102 2123 1244 2190 codicum
1257 2121 1311 2186 in-

170 2226 244 2294 dole
266 2231 435 2316 mutuaque
456 2227 541 2295 inter
563 2246 601 2293 se
620 2226 775 2295 affinitate
795 2226 942 2294 iudicium
963 2224 1062 2317 ferri⁷
1094 2245 1197 2315 neque
1218 2224 1310 2290 crisis

169 2330 315 2397 exerceri
326 2334 445 2418 potest.
496 2328 631 2398 Accedit
650 2335 820 2421 praeterea
833 2330 1057 2420 superstitiosa
1071 2331 1161 2415 quasi
1174 2330 1206 2392 in
1219 2325 1310 2393 Facit

167 2433 368 2501 coniecturas
384 2435 552 2501 veneratio
566 2454 647 2522 quae
659 2438 751 2501 tanta
763 2438 861 2500 estut
875 2434 1060 2523 plerumque
1073 2431 1158 2520 apud
1170 2428 1310 2498 Clavie-

166 2537 248 2603 rium
259 2538 293 2601 in
307 2538 458 2601 contextu
470 2536 885 2625 inveniamus-quaeFaeius
898 2555 940 2601 ne
952 2538 985 2602 in
998 2540 1092 2603 notas
1106 2533 1232 2623 quidem
1244 2532 1309 2599 ad-

55 2716 61 2725 ,
165 2634 292 2706 mittere
305 2636 470 2705 debuerat.
521 2636 704 2705 Editionem
724 2642 799 2727 post
819 2639 999 2706 absolutum
1017 2638 1168 2705 volumen
1187 2657 1308 2704 secun-

164 2741 240 2808 dum
253 2739 409 2809 Clavierii
426 2744 530 2807 morte
550 2740 760 2829 interruptam
778 2738 820 2805 ad
832 2739 926 2805 tinem
937 2738 1156 2829 perduxerunt
1169 2736 1308 2829 Gourier

165 2849 197 2911 et
210 2840 353 2930 Corace,
379 2842 440 2909 viri
461 2840 650 2929 doctissimi3
679 2837 806 2910 Ooraes
826 2840 934 2909 multis
956 2844 1145 2910 coniecturis
1160 2830 1306 2932 plerum-¹

164 2966 224 3035 que
237 2944 381 3036 egregiis
398 2944 461 3011 imo
476 2945 614 3035 margini
627 2944 780 3034 appositis
796 2952 829 3013 et
843 2946 875 3011 in
889 2944 977 3013 calce
990 2944 1147 3013 adiunctis
1161 2964 1306 3012 exorna-

163 3051 209 3117 vit
227 3048 410 3116 editionem.
462 3046 622 3115 Volnmen
640 3048 808 3143 septimum
826 3052 921 3115 notas
935 3046 1092 3117 Clavierii
1111 3050 1181 3115 sive
1199 3049 1304 3135 potius

163 3152 299 3220 schedas
313 3150 468 3218 nonsatis
482 3156 630 3235 accurate
645 3150 791 3242 digestas
805 3153 964 3239 continet3
981 3152 1142 3220 festinatio
1155 3153 1219 3215 iam
1230 3148 1304 3215 inde
1378 3167 1387 3181 ‘

163 3258 242 3322 satis
260 3254 450 3346 perspicitur
467 3254 550 3342 quod
573 3272 673 3344 saepe
693 3254 798 3322 locum
818 3253 960 3322 indicare
973 3254 1061 3324 obliti
1076 3260 1150 3321 sunt
1163 3252 1303 3321 editores

162 3380 224 3447 quo
247 3355 419 3427 referenda
438 3357 481 3425 ait
499 3363 588 3446 nota,
615 3356 699 3447 quod
718 3348 804 3424 haud
823 3378 898 3425 raro
917 3359 950 3423 in
968 3359 1053 3425 notis
1073 3359 1155 3423 lraec
1173 3357 1227 3423 vel
1246 3356 1303 3422 itta

161 3463 257 3531 lectio
269 3467 401 3552 recepta
414 3459 527 3527 dicitur
539 3480 619 3549 quae
633 3466 762 3548 recepta
775 3480 839 3527 non
855 3464 918 3549 est,
943 3467 978 3527 ut
999 3466 1161 3527 taceamus
1180 3458 1302 3526 levita-

161 3572 226 3636 tem
246 3587 307 3655 qua
322 3556 451 3631 nomina
465 3561 709 3652 haudquaquam
728 3563 864 3633 obscura
875 3559 1057 3630 deformata
1067 3561 1231 3647 videmus3
1255 3562 1302 3626 sic

158 3670 281 3759 Heyne
302 3668 489 3759 saepissime
507 3673 641 3734 vocatur
663 3664 799 3757 Regae,
828 3689 860 3756 p.
885 3664 971 3732 121.
995 3661 1081 3733 125.
1106 3662 1190 3733 175.
1215 3660 1300 3730 182.

161 3775 234 3842 183
251 3767 363 3867 (tis);
390 3769 637 3857 Wyttenbachii
657 3790 773 3838 nomen
791 3771 824 3835 in
837 3768 1071 3857 Wyttemttach
1093 3775 1126 3838 et
1141 3768 1301 3835 Wittem-

157 3879 239 3947 bach
251 3870 378 3945 transiit
390 3894 468 3965 pag.
487 3869 572 3939 125.
625 3869 695 3942 set
709 3876 783 3940 sunt
795 3872 877 3940 haec
889 3873 1025 3942 leviora.

260 3979 379 4051 Omnes
400 3976 556 4045 editiones
570 3975 733 4063 hueusque
753 3974 931 4066 descriptae
945 3997 1008 4045 uno
1022 3977 1165 4042 nituntur
1178 3970 1300 4039 tunda-

156 4092 276 4174 mento‚
298 4080 474 4170 exemplari
492 4077 626 4167 Aldine,
649 4076 732 4167 quod
756 4098 851 4166 quam
871 4099 984 4167 parum
1005 4078 1048 4145 sit
1065 4076 1189 4143 tironum
1201 4093 1300 4162 supra

156 4189 397 4267 demonstrasse
416 4183 506 4252 nobis
520 4180 685 4268 videmur3
711 4178 851 4249 editores
872 4176 1044 4270 sequentes
1065 4178 1118 4246 hic
1139 4177 1206 4245 illic
1225 4174 1298 4266 qui-

156 4292 228 4359 dem
249 4310 314 4358 non
338 4286 407 4354 sine
426 4305 579 4355 successu
598 4282 740 4354 maculas
759 4282 949 4377 abstergere
970 4284 1075 4352 conati
1097 4287 1189 4373 sunt,
1213 4298 1298 4349 nova
