<?xml version="1.0" encoding="UTF-8"?>
<!DOCTYPE html PUBLIC "-//W3C//DTD XHTML 1.0 Transitional//EN"
    "http://www.w3.org/TR/xhtml1/DTD/xhtml1-transitional.dtd">
<html xmlns="http://www.w3.org/1999/xhtml" xml:lang="en" lang="en">
 <head>
  <title>
</title>
<meta http-equiv="Content-Type" content="text/html;charset=utf-8" />
  <meta name='ocr-system' content='tesseract 3.04.00' />
  <meta name='ocr-capabilities' content='ocr_page ocr_carea ocr_par ocr_line ocrx_word'/>
</head>
<body>
  <div class='ocr_page' id='page_1' title='image "./pausaniaedescri01pausgoog_0009.png"; bbox 0 0 2872 4846; ppageno 0'>
   <div class='ocr_carea' id='block_1_1' title="bbox 207 334 982 404">
    <p class='ocr_par' dir='ltr' id='par_1_1' title="bbox 207 334 982 404">
     <span class='ocr_line' id='line_1_1' title="bbox 207 334 982 404; baseline -0.006 -2"><span class='ocrx_word' id='word_1_1' title='bbox 207 345 247 404; x_wconf 85' lang='lat' dir='ltr'><strong>lv</strong></span> <span class='ocrx_word' id='word_1_2' title='bbox 567 334 982 400; x_wconf 76' lang='lat' dir='ltr'><strong>PRAEFATIO.</strong></span> 
     </span>
    </p>
   </div>
   <div class='ocr_carea' id='block_1_2' title="bbox 90 502 1347 607">
    <p class='ocr_par' dir='ltr' id='par_1_2' title="bbox 90 502 1347 607">
     <span class='ocr_line' id='line_1_2' title="bbox 90 502 1347 607; baseline -0.011 -22"><span class='ocrx_word' id='word_1_3' title='bbox 90 602 93 607; x_wconf 10' lang='lat' dir='ltr'>y</span> <span class='ocrx_word' id='word_1_4' title='bbox 208 522 315 584; x_wconf 87' lang='lat' dir='ltr'><strong>tamen</strong></span> <span class='ocrx_word' id='word_1_5' title='bbox 334 514 385 603; x_wconf 94' lang='lat' dir='ltr'><strong>qui</strong></span> <span class='ocrx_word' id='word_1_6' title='bbox 404 513 608 603; x_wconf 87' lang='lat' dir='ltr'><strong>manuscripti</strong></span> <span class='ocrx_word' id='word_1_7' title='bbox 621 509 924 580; x_wconf 77' lang='lat' dir='ltr'><strong>circumferebantur</strong></span> <span class='ocrx_word' id='word_1_8' title='bbox 942 506 1153 577; x_wconf 72' lang='lat' dir='ltr'><strong>correctiores</strong></span> <span class='ocrx_word' id='word_1_9' title='bbox 1172 502 1347 595; x_wconf 77' lang='lat' dir='ltr'><strong>publicare,</strong></span> 
     </span>
    </p>
   </div>
   <div class='ocr_carea' id='block_1_3' title="bbox 73 607 1348 708">
    <p class='ocr_par' dir='ltr' id='par_1_3' title="bbox 73 607 1348 708">
     <span class='ocr_line' id='line_1_3' title="bbox 73 607 1348 708; baseline -0.01 -23"><span class='ocrx_word' id='word_1_10' title='bbox 73 634 106 665; x_wconf 53' lang='grc' dir='ltr'><strong>’ν</strong></span> <span class='ocrx_word' id='word_1_11' title='bbox 209 617 303 708; x_wconf 91' lang='lat' dir='ltr'><strong>idque</strong></span> <span class='ocrx_word' id='word_1_12' title='bbox 323 639 457 685; x_wconf 90' lang='lat' dir='ltr'><strong>suasore</strong></span> <span class='ocrx_word' id='word_1_13' title='bbox 477 624 510 685; x_wconf 89' lang='lat' dir='ltr'><strong>et</strong></span> <span class='ocrx_word' id='word_1_14' title='bbox 528 615 675 684; x_wconf 90' lang='lat' dir='ltr'><strong>adiutore</strong></span> <span class='ocrx_word' id='word_1_15' title='bbox 694 612 743 683; x_wconf 83' lang='lat' dir='ltr'><strong>M.</strong></span> <span class='ocrx_word' id='word_1_16' title='bbox 764 609 932 685; x_wconf 73' lang='lat' dir='ltr'><strong>illusor-0⁴⁶</strong></span> <span class='ocrx_word' id='word_1_17' title='bbox 954 609 1110 696; x_wconf 82' lang='lat' dir='ltr'><strong>aliirmat3</strong></span> <span class='ocrx_word' id='word_1_18' title='bbox 1140 607 1200 674; x_wconf 87' lang='lat' dir='ltr'><strong>sed</strong></span> <span class='ocrx_word' id='word_1_19' title='bbox 1220 607 1348 676; x_wconf 91' lang='lat' dir='ltr'><strong>codices</strong></span> 
     </span>
    </p>
   </div>
   <div class='ocr_carea' id='block_1_4' title="bbox 95 710 1349 913">
    <p class='ocr_par' dir='ltr' id='par_1_4' title="bbox 95 710 1349 913">
     <span class='ocr_line' id='line_1_4' title="bbox 100 710 1349 808; baseline -0.01 -20"><span class='ocrx_word' id='word_1_20' title='bbox 100 722 113 739; x_wconf 88' lang='grc'>”</span> <span class='ocrx_word' id='word_1_21' title='bbox 209 722 284 788; x_wconf 91' lang='lat' dir='ltr'><strong>illos</strong></span> <span class='ocrx_word' id='word_1_22' title='bbox 308 727 416 788; x_wconf 88' lang='lat' dir='ltr'><strong>aetate</strong></span> <span class='ocrx_word' id='word_1_23' title='bbox 435 721 518 787; x_wconf 90' lang='lat' dir='ltr'><strong>eirca</strong></span> <span class='ocrx_word' id='word_1_24' title='bbox 534 720 593 785; x_wconf 88' lang='lat' dir='ltr'><strong>hes</strong></span> <span class='ocrx_word' id='word_1_25' title='bbox 616 740 668 786; x_wconf 91' lang='lat' dir='ltr'><strong>res</strong></span> <span class='ocrx_word' id='word_1_26' title='bbox 693 740 805 808; x_wconf 90' lang='lat' dir='ltr'><strong>parum</strong></span> <span class='ocrx_word' id='word_1_27' title='bbox 827 718 953 784; x_wconf 90' lang='lat' dir='ltr'><strong>curiosa</strong></span> <span class='ocrx_word' id='word_1_28' title='bbox 967 713 1153 806; x_wconf 83' lang='lat' dir='ltr'><strong>diligentius</strong></span> <span class='ocrx_word' id='word_1_29' title='bbox 1167 710 1349 779; x_wconf 80' lang='lat' dir='ltr'><strong>describere</strong></span> 
     </span>
     <span class='ocr_line' id='line_1_5' title="bbox 95 813 1349 913; baseline -0.01 -22"><span class='ocrx_word' id='word_1_30' title='bbox 95 820 98 825; x_wconf 74' lang='grc'><strong>’</strong></span> <span class='ocrx_word' id='word_1_31' title='bbox 210 824 368 913; x_wconf 76' lang='lat' dir='ltr'><strong>neglexit.</strong></span> <span class='ocrx_word' id='word_1_32' title='bbox 419 821 536 889; x_wconf 88' lang='lat' dir='ltr'><strong>Plures</strong></span> <span class='ocrx_word' id='word_1_33' title='bbox 556 824 606 888; x_wconf 87' lang='lat' dir='ltr'><strong>vir</strong></span> <span class='ocrx_word' id='word_1_34' title='bbox 624 822 846 888; x_wconf 77' lang='lat' dir='ltr'><strong>meritissimus</strong></span> <span class='ocrx_word' id='word_1_35' title='bbox 861 824 1088 887; x_wconf 89' lang='lat' dir='ltr'><strong>commemorat</strong></span> <span class='ocrx_word' id='word_1_36' title='bbox 1102 814 1246 903; x_wconf 83' lang='lat' dir='ltr'><strong>codices3</strong></span> <span class='ocrx_word' id='word_1_37' title='bbox 1272 820 1307 882; x_wconf 85' lang='lat' dir='ltr'><strong>at</strong></span> <span class='ocrx_word' id='word_1_38' title='bbox 1320 813 1349 878; x_wconf 89' lang='lat' dir='ltr'><strong>si</strong></span> 
     </span>
    </p>
   </div>
   <div class='ocr_carea' id='block_1_5' title="bbox 139 917 1349 1220">
    <p class='ocr_par' dir='ltr' id='par_1_5' title="bbox 139 917 1349 1220">
     <span class='ocr_line' id='line_1_6' title="bbox 211 917 1349 1012; baseline -0.007 -21"><span class='ocrx_word' id='word_1_39' title='bbox 211 927 388 993; x_wconf 86' lang='lat' dir='ltr'><strong>accuratius</strong></span> <span class='ocrx_word' id='word_1_40' title='bbox 407 927 625 991; x_wconf 86' lang='lat' dir='ltr'><strong>examinamus</strong></span> <span class='ocrx_word' id='word_1_41' title='bbox 647 923 829 1012; x_wconf 75' lang='lat' dir='ltr'><strong>editionem,</strong></span> <span class='ocrx_word' id='word_1_42' title='bbox 860 941 992 1010; x_wconf 89' lang='lat' dir='ltr'><strong>eamque</strong></span> <span class='ocrx_word' id='word_1_43' title='bbox 1007 944 1078 989; x_wconf 91' lang='lat' dir='ltr'><strong>cum</strong></span> <span class='ocrx_word' id='word_1_44' title='bbox 1091 917 1251 987; x_wconf 85' lang='lat' dir='ltr'><strong>codicibus</strong></span> <span class='ocrx_word' id='word_1_45' title='bbox 1265 937 1349 984; x_wconf 90' lang='lat' dir='ltr'><strong>con·-</strong></span> 
     </span>
     <span class='ocr_line' id='line_1_7' title="bbox 211 1020 1349 1118; baseline -0.011 -23"><span class='ocrx_word' id='word_1_46' title='bbox 211 1023 343 1095; x_wconf 84' lang='lat' dir='ltr'><strong>lerimus</strong></span> <span class='ocrx_word' id='word_1_47' title='bbox 359 1029 409 1116; x_wconf 93' lang='lat' dir='ltr'><strong>qui</strong></span> <span class='ocrx_word' id='word_1_48' title='bbox 421 1033 579 1118; x_wconf 81' lang='lat' dir='ltr'><strong>prostent⁷</strong></span> <span class='ocrx_word' id='word_1_49' title='bbox 607 1047 650 1092; x_wconf 92' lang='lat' dir='ltr'><strong>ex</strong></span> <span class='ocrx_word' id='word_1_50' title='bbox 662 1048 725 1094; x_wconf 92' lang='lat' dir='ltr'><strong>uno</strong></span> <span class='ocrx_word' id='word_1_51' title='bbox 739 1025 847 1093; x_wconf 89' lang='lat' dir='ltr'><strong>codice</strong></span> <span class='ocrx_word' id='word_1_52' title='bbox 861 1044 962 1112; x_wconf 93' lang='lat' dir='ltr'><strong>eoque</strong></span> <span class='ocrx_word' id='word_1_53' title='bbox 976 1022 1143 1092; x_wconf 89' lang='lat' dir='ltr'><strong>deterioris</strong></span> <span class='ocrx_word' id='word_1_54' title='bbox 1157 1027 1254 1089; x_wconf 92' lang='lat' dir='ltr'><strong>notae</strong></span> <span class='ocrx_word' id='word_1_55' title='bbox 1269 1020 1349 1086; x_wconf 89' lang='lat' dir='ltr'><strong>satis</strong></span> 
     </span>
     <span class='ocr_line' id='line_1_8' title="bbox 139 1122 1349 1220; baseline -0.008 -22"><span class='ocrx_word' id='word_1_56' title='bbox 139 1199 142 1216; x_wconf 71' lang='grc'>,</span> <span class='ocrx_word' id='word_1_57' title='bbox 210 1130 417 1220; x_wconf 78' lang='lat' dir='ltr'><strong>negligenter</strong></span> <span class='ocrx_word' id='word_1_58' title='bbox 441 1150 514 1197; x_wconf 90' lang='lat' dir='ltr'><strong>esse</strong></span> <span class='ocrx_word' id='word_1_59' title='bbox 541 1150 729 1220; x_wconf 85' lang='lat' dir='ltr'><strong>expressam</strong></span> <span class='ocrx_word' id='word_1_60' title='bbox 746 1128 833 1195; x_wconf 89' lang='lat' dir='ltr'><strong>haud</strong></span> <span class='ocrx_word' id='word_1_61' title='bbox 853 1128 1001 1216; x_wconf 87' lang='lat' dir='ltr'><strong>ambigue</strong></span> <span class='ocrx_word' id='word_1_62' title='bbox 1022 1144 1192 1217; x_wconf 88' lang='lat' dir='ltr'><strong>possumus</strong></span> <span class='ocrx_word' id='word_1_63' title='bbox 1210 1122 1349 1190; x_wconf 88' lang='lat' dir='ltr'><strong>conclu-</strong></span> 
     </span>
    </p>
   </div>
   <div class='ocr_carea' id='block_1_6' title="bbox 7 1206 1348 1323">
    <p class='ocr_par' dir='ltr' id='par_1_6' title="bbox 7 1206 1348 1323">
     <span class='ocr_line' id='line_1_9' title="bbox 7 1206 1348 1323; baseline -0.006 -24"><span class='ocrx_word' id='word_1_64' title='bbox 7 1206 41 1291; x_wconf 48' lang='lat' dir='ltr'><strong>s*</strong></span> <span class='ocrx_word' id='word_1_65' title='bbox 77 1227 81 1237; x_wconf 82' lang='lat'>&#39;</span> <span class='ocrx_word' id='word_1_66' title='bbox 177 1236 180 1241; x_wconf 83' lang='lat'>&#39;</span> <span class='ocrx_word' id='word_1_67' title='bbox 211 1233 301 1323; x_wconf 75' lang='lat' dir='ltr'><strong>dere,</strong></span> <span class='ocrx_word' id='word_1_68' title='bbox 324 1232 406 1322; x_wconf 95' lang='lat' dir='ltr'><strong>quod</strong></span> <span class='ocrx_word' id='word_1_69' title='bbox 419 1252 461 1298; x_wconf 89' lang='lat' dir='ltr'><strong>ex</strong></span> <span class='ocrx_word' id='word_1_70' title='bbox 474 1238 631 1323; x_wconf 86' lang='lat' dir='ltr'><strong>apparatu</strong></span> <span class='ocrx_word' id='word_1_71' title='bbox 643 1238 754 1299; x_wconf 89' lang='lat' dir='ltr'><strong>nostro</strong></span> <span class='ocrx_word' id='word_1_72' title='bbox 769 1233 877 1298; x_wconf 91' lang='lat' dir='ltr'><strong>critico</strong></span> <span class='ocrx_word' id='word_1_73' title='bbox 893 1229 1063 1297; x_wconf 89' lang='lat' dir='ltr'><strong>manifesto</strong></span> <span class='ocrx_word' id='word_1_74' title='bbox 1077 1233 1185 1320; x_wconf 80' lang='lat' dir='ltr'><strong>patet3</strong></span> <span class='ocrx_word' id='word_1_75' title='bbox 1211 1227 1266 1292; x_wconf 91' lang='lat' dir='ltr'><strong>vix</strong></span> <span class='ocrx_word' id='word_1_76' title='bbox 1280 1224 1348 1292; x_wconf 94' lang='lat' dir='ltr'><strong>ullo</strong></span> 
     </span>
    </p>
   </div>
   <div class='ocr_carea' id='block_1_7' title="bbox 211 1327 1349 1526">
    <p class='ocr_par' dir='ltr' id='par_1_7' title="bbox 211 1327 1349 1526">
     <span class='ocr_line' id='line_1_10' title="bbox 212 1327 1349 1420; baseline -0.007 -18"><span class='ocrx_word' id='word_1_77' title='bbox 212 1337 294 1402; x_wconf 91' lang='lat' dir='ltr'><strong>enim</strong></span> <span class='ocrx_word' id='word_1_78' title='bbox 308 1335 379 1402; x_wconf 87' lang='lat' dir='ltr'><strong>loco</strong></span> <span class='ocrx_word' id='word_1_79' title='bbox 393 1358 413 1401; x_wconf 89' lang='lat' dir='ltr'><strong>a</strong></span> <span class='ocrx_word' id='word_1_80' title='bbox 425 1334 562 1403; x_wconf 88' lang='lat' dir='ltr'><strong>lectione</strong></span> <span class='ocrx_word' id='word_1_81' title='bbox 575 1334 691 1420; x_wconf 88' lang='lat' dir='ltr'><strong>codicis</strong></span> <span class='ocrx_word' id='word_1_82' title='bbox 702 1332 958 1402; x_wconf 77' lang='lat' dir='ltr'><strong>Vindobonensis&#39;</strong></span> <span class='ocrx_word' id='word_1_83' title='bbox 971 1335 1104 1401; x_wconf 88' lang='lat' dir='ltr'><strong>alterius</strong></span> <span class='ocrx_word' id='word_1_84' title='bbox 1120 1329 1240 1397; x_wconf 86' lang='lat' dir='ltr'><strong>recedit</strong></span> <span class='ocrx_word' id='word_1_85' title='bbox 1252 1327 1349 1395; x_wconf 89' lang='lat' dir='ltr'><strong>editio</strong></span> 
     </span>
     <span class='ocr_line' id='line_1_11' title="bbox 211 1432 1349 1526; baseline -0.008 -21"><span class='ocrx_word' id='word_1_86' title='bbox 211 1437 341 1506; x_wconf 88' lang='lat' dir='ltr'><strong>Aldina.</strong></span> <span class='ocrx_word' id='word_1_87' title='bbox 392 1439 461 1506; x_wconf 86' lang='lat' dir='ltr'><strong>Iam</strong></span> <span class='ocrx_word' id='word_1_88' title='bbox 483 1439 626 1526; x_wconf 88' lang='lat' dir='ltr'><strong>quaestio</strong></span> <span class='ocrx_word' id='word_1_89' title='bbox 649 1437 794 1505; x_wconf 90' lang='lat' dir='ltr'><strong>exoritur</strong></span> <span class='ocrx_word' id='word_1_90' title='bbox 813 1458 856 1503; x_wconf 91' lang='lat' dir='ltr'><strong>ex</strong></span> <span class='ocrx_word' id='word_1_91' title='bbox 876 1432 1012 1524; x_wconf 92' lang='lat' dir='ltr'><strong>quonam</strong></span> <span class='ocrx_word' id='word_1_92' title='bbox 1031 1437 1111 1504; x_wconf 91' lang='lat' dir='ltr'><strong>libro</strong></span> <span class='ocrx_word' id='word_1_93' title='bbox 1133 1432 1349 1519; x_wconf 89' lang='lat' dir='ltr'><strong>manuscripto</strong></span> 
     </span>
    </p>
   </div>
   <div class='ocr_carea' id='block_1_8' title="bbox 68 1536 1349 1630">
    <p class='ocr_par' dir='ltr' id='par_1_8' title="bbox 68 1536 1349 1630">
     <span class='ocr_line' id='line_1_12' title="bbox 68 1536 1349 1630; baseline -0.006 -22"><span class='ocrx_word' id='word_1_94' title='bbox 68 1547 71 1553; x_wconf 81' lang='grc'><em>’</em></span> <span class='ocrx_word' id='word_1_95' title='bbox 104 1597 106 1601; x_wconf 92' lang='grc'>.</span> <span class='ocrx_word' id='word_1_96' title='bbox 212 1562 369 1630; x_wconf 89' lang='lat' dir='ltr'><strong>expressa</strong></span> <span class='ocrx_word' id='word_1_97' title='bbox 381 1544 422 1609; x_wconf 94' lang='lat' dir='ltr'><strong>sit</strong></span> <span class='ocrx_word' id='word_1_98' title='bbox 437 1541 532 1607; x_wconf 91' lang='lat' dir='ltr'><strong>editio</strong></span> <span class='ocrx_word' id='word_1_99' title='bbox 546 1539 692 1628; x_wconf 86' lang='lat' dir='ltr'><strong>Veneta3</strong></span> <span class='ocrx_word' id='word_1_100' title='bbox 718 1559 737 1605; x_wconf 93' lang='lat' dir='ltr'><strong>e</strong></span> <span class='ocrx_word' id='word_1_101' title='bbox 759 1540 867 1607; x_wconf 90' lang='lat' dir='ltr'><strong>codice</strong></span> <span class='ocrx_word' id='word_1_102' title='bbox 880 1536 1007 1609; x_wconf 87' lang='lat' dir='ltr'><strong>Veneto</strong></span> <span class='ocrx_word' id='word_1_103' title='bbox 1029 1540 1162 1627; x_wconf 81' lang='lat' dir='ltr'><strong>scilicet⁷</strong></span> <span class='ocrx_word' id='word_1_104' title='bbox 1188 1536 1349 1623; x_wconf 79' lang='lat' dir='ltr'><strong>inquiunt3</strong></span> 
     </span>
    </p>
   </div>
   <div class='ocr_carea' id='block_1_9' title="bbox 198 1634 1350 2038">
    <p class='ocr_par' dir='ltr' id='par_1_9' title="bbox 198 1634 1350 2038">
     <span class='ocr_line' id='line_1_13' title="bbox 198 1634 1349 1732; baseline -0.009 -23"><span class='ocrx_word' id='word_1_105' title='bbox 198 1645 258 1709; x_wconf 38' lang='lat' dir='ltr'><strong>xsic</strong></span> <span class='ocrx_word' id='word_1_106' title='bbox 271 1666 304 1710; x_wconf 86' lang='lat' dir='ltr'><strong>v.</strong></span> <span class='ocrx_word' id='word_1_107' title='bbox 318 1665 354 1732; x_wconf 89' lang='lat' dir='ltr'><strong>g.</strong></span> <span class='ocrx_word' id='word_1_108' title='bbox 369 1643 500 1711; x_wconf 76' lang='lat' dir='ltr'><strong>Motelli</strong></span> <span class='ocrx_word' id='word_1_109' title='bbox 515 1641 666 1711; x_wconf 90' lang='lat' dir='ltr'><strong>Biblioth.</strong></span> <span class='ocrx_word' id='word_1_110' title='bbox 680 1641 763 1709; x_wconf 88' lang='lat' dir='ltr'><strong>Mss.</strong></span> <span class='ocrx_word' id='word_1_111' title='bbox 779 1664 890 1732; x_wconf 84' lang='lat' dir='ltr'><strong>graec.</strong></span> <span class='ocrx_word' id='word_1_112' title='bbox 905 1649 937 1709; x_wconf 90' lang='lat' dir='ltr'><strong>et</strong></span> <span class='ocrx_word' id='word_1_113' title='bbox 949 1641 1040 1709; x_wconf 88' lang='lat' dir='ltr'><strong>latin.</strong></span> <span class='ocrx_word' id='word_1_114' title='bbox 1055 1665 1087 1731; x_wconf 88' lang='lat' dir='ltr'><strong>p.</strong></span> <span class='ocrx_word' id='word_1_115' title='bbox 1103 1639 1190 1708; x_wconf 79' lang='lat'><strong>282.</strong></span> <span class='ocrx_word' id='word_1_116' title='bbox 1229 1634 1349 1704; x_wconf 79' lang='lat' dir='ltr'><strong>matth.</strong></span> 
     </span>
     <span class='ocr_line' id='line_1_14' title="bbox 211 1738 1350 1837; baseline -0.005 -27"><span class='ocrx_word' id='word_1_117' title='bbox 211 1742 345 1812; x_wconf 85' lang='lat' dir='ltr'><strong>Roever</strong></span> <span class='ocrx_word' id='word_1_118' title='bbox 361 1749 394 1811; x_wconf 95' lang='lat' dir='ltr'><strong>in</strong></span> <span class='ocrx_word' id='word_1_119' title='bbox 415 1745 552 1834; x_wconf 88' lang='lat' dir='ltr'><strong>epistola</strong></span> <span class='ocrx_word' id='word_1_120' title='bbox 574 1746 615 1811; x_wconf 88' lang='lat' dir='ltr'><strong>ad</strong></span> <span class='ocrx_word' id='word_1_121' title='bbox 630 1745 829 1812; x_wconf 79' lang='lat' dir='ltr'><strong>d&#39;Orvillium</strong></span> <span class='ocrx_word' id='word_1_122' title='bbox 843 1744 896 1837; x_wconf 83' lang='lat' dir='ltr'><strong>(v.</strong></span> <span class='ocrx_word' id='word_1_123' title='bbox 911 1744 1007 1830; x_wconf 88' lang='lat' dir='ltr'><strong>Benj.</strong></span> <span class='ocrx_word' id='word_1_124' title='bbox 1021 1744 1112 1812; x_wconf 90' lang='lat' dir='ltr'><strong>Petr.</strong></span> <span class='ocrx_word' id='word_1_125' title='bbox 1133 1763 1196 1810; x_wconf 90' lang='lat' dir='ltr'><strong>van</strong></span> <span class='ocrx_word' id='word_1_126' title='bbox 1210 1738 1350 1807; x_wconf 89' lang='lat' dir='ltr'><strong>Wesele</strong></span> 
     </span>
     <span class='ocr_line' id='line_1_15' title="bbox 212 1839 1350 1938; baseline -0.008 -23"><span class='ocrx_word' id='word_1_127' title='bbox 212 1843 369 1915; x_wconf 75' lang='lat' dir='ltr'><strong>Scholten</strong></span> <span class='ocrx_word' id='word_1_128' title='bbox 390 1850 422 1912; x_wconf 93' lang='lat' dir='ltr'><strong>in</strong></span> <span class='ocrx_word' id='word_1_129' title='bbox 445 1847 608 1938; x_wconf 80' lang='lat' dir='ltr'><strong>Catalogo</strong></span> <span class='ocrx_word' id='word_1_130' title='bbox 630 1849 739 1914; x_wconf 91' lang='lat' dir='ltr'><strong>libror.</strong></span> <span class='ocrx_word' id='word_1_131' title='bbox 754 1846 802 1914; x_wconf 87' lang='lat' dir='ltr'><strong>M.</strong></span> <span class='ocrx_word' id='word_1_132' title='bbox 818 1847 974 1915; x_wconf 78' lang='lat' dir='ltr'><strong>lloeveri.</strong></span> <span class='ocrx_word' id='word_1_133' title='bbox 1001 1848 1035 1937; x_wconf 84' lang='lat'><strong>1,</strong></span> <span class='ocrx_word' id='word_1_134' title='bbox 1057 1839 1209 1936; x_wconf 80' lang='lat' dir='ltr'><strong>p.oo.),</strong></span> <span class='ocrx_word' id='word_1_135' title='bbox 1236 1840 1350 1931; x_wconf 93' lang='lat' dir='ltr'><strong>quide</strong></span> 
     </span>
     <span class='ocr_line' id='line_1_16' title="bbox 212 1946 1350 2038; baseline -0.004 -24"><span class='ocrx_word' id='word_1_136' title='bbox 212 1949 320 2016; x_wconf 91' lang='lat' dir='ltr'><strong>codice</strong></span> <span class='ocrx_word' id='word_1_137' title='bbox 340 1971 398 2016; x_wconf 92' lang='lat' dir='ltr'><strong>suo</strong></span> <span class='ocrx_word' id='word_1_138' title='bbox 420 1949 580 2025; x_wconf 85' lang='lat' dir='ltr'><strong>disserens</strong></span> <span class='ocrx_word' id='word_1_139' title='bbox 600 1952 704 2017; x_wconf 87' lang='lat' dir='ltr'><strong>altero</strong></span> <span class='ocrx_word' id='word_1_140' title='bbox 727 1949 810 2016; x_wconf 87' lang='lat' dir='ltr'><strong>haec</strong></span> <span class='ocrx_word' id='word_1_141' title='bbox 831 1946 935 2018; x_wconf 75' lang='lat' dir='ltr'><strong>additt</strong></span> <span class='ocrx_word' id='word_1_142' title='bbox 971 1949 1114 2038; x_wconf 76' lang='lat' dir='ltr'><strong>„Codex</strong></span> <span class='ocrx_word' id='word_1_143' title='bbox 1134 1965 1350 2037; x_wconf 86' lang='lat' dir='ltr'><strong>pergamenus</strong></span> 
     </span>
    </p>
   </div>
   <div class='ocr_carea' id='block_1_10' title="bbox 97 2045 1351 2142">
    <p class='ocr_par' dir='ltr' id='par_1_10' title="bbox 97 2045 1351 2142">
     <span class='ocr_line' id='line_1_17' title="bbox 97 2045 1351 2142; baseline -0.005 -24"><span class='ocrx_word' id='word_1_144' title='bbox 97 2133 100 2137; x_wconf 82' lang='lat'>.</span> <span class='ocrx_word' id='word_1_145' title='bbox 211 2052 290 2117; x_wconf 91' lang='lat' dir='ltr'><strong>mihi</strong></span> <span class='ocrx_word' id='word_1_146' title='bbox 309 2050 436 2118; x_wconf 86' lang='lat' dir='ltr'><strong>videtur</strong></span> <span class='ocrx_word' id='word_1_147' title='bbox 460 2051 636 2140; x_wconf 89' lang='lat' dir='ltr'><strong>descriptus</strong></span> <span class='ocrx_word' id='word_1_148' title='bbox 655 2073 697 2118; x_wconf 93' lang='lat' dir='ltr'><strong>ex</strong></span> <span class='ocrx_word' id='word_1_149' title='bbox 710 2051 824 2119; x_wconf 91' lang='lat' dir='ltr'><strong>eodem</strong></span> <span class='ocrx_word' id='word_1_150' title='bbox 836 2055 892 2122; x_wconf 92' lang='lat' dir='ltr'><strong>illo</strong></span> <span class='ocrx_word' id='word_1_151' title='bbox 907 2052 1070 2142; x_wconf 69' lang='lat' dir='ltr'><strong>exemplo,</strong></span> <span class='ocrx_word' id='word_1_152' title='bbox 1097 2072 1156 2140; x_wconf 93' lang='lat' dir='ltr'><strong>quo</strong></span> <span class='ocrx_word' id='word_1_153' title='bbox 1172 2070 1264 2115; x_wconf 89' lang='lat' dir='ltr'><strong>suam</strong></span> <span class='ocrx_word' id='word_1_154' title='bbox 1277 2045 1351 2116; x_wconf 90' lang='lat' dir='ltr'><strong>edi-</strong></span> 
     </span>
    </p>
   </div>
   <div class='ocr_carea' id='block_1_11' title="bbox 129 2149 1394 3682">
    <p class='ocr_par' dir='ltr' id='par_1_11' title="bbox 129 2149 1394 3682">
     <span class='ocr_line' id='line_1_18' title="bbox 211 2149 1350 2247; baseline -0.004 -27"><span class='ocrx_word' id='word_1_155' title='bbox 211 2154 330 2220; x_wconf 88' lang='lat' dir='ltr'><strong>tionem</strong></span> <span class='ocrx_word' id='word_1_156' title='bbox 357 2151 511 2220; x_wconf 91' lang='lat' dir='ltr'><strong>desumsit</strong></span> <span class='ocrx_word' id='word_1_157' title='bbox 529 2153 654 2244; x_wconf 75' lang='lat' dir='ltr'><strong>Aldus,</strong></span> <span class='ocrx_word' id='word_1_158' title='bbox 688 2154 739 2241; x_wconf 92' lang='lat' dir='ltr'><strong>qui</strong></span> <span class='ocrx_word' id='word_1_159' title='bbox 762 2149 845 2246; x_wconf 91' lang='lat' dir='ltr'><strong>[imo</strong></span> <span class='ocrx_word' id='word_1_160' title='bbox 866 2153 913 2222; x_wconf 83' lang='lat' dir='ltr'><strong>M.</strong></span> <span class='ocrx_word' id='word_1_161' title='bbox 937 2149 1115 2244; x_wconf 85' lang='lat' dir='ltr'><strong>Musurus]</strong></span> <span class='ocrx_word' id='word_1_162' title='bbox 1141 2152 1270 2241; x_wconf 91' lang='lat' dir='ltr'><strong>ingenio</strong></span> <span class='ocrx_word' id='word_1_163' title='bbox 1291 2168 1350 2247; x_wconf 85' lang='lat' dir='ltr'><strong>suo</strong></span> 
     </span>
     <span class='ocr_line' id='line_1_19' title="bbox 176 2253 1351 2346; baseline 0 -26"><span class='ocrx_word' id='word_1_164' title='bbox 176 2272 178 2276; x_wconf 56' lang='lat'><em>⁴</em></span> <span class='ocrx_word' id='word_1_165' title='bbox 210 2256 311 2323; x_wconf 86' lang='lat' dir='ltr'><strong>multa</strong></span> <span class='ocrx_word' id='word_1_166' title='bbox 329 2257 462 2333; x_wconf 87' lang='lat' dir='ltr'><strong>mutavit</strong></span> <span class='ocrx_word' id='word_1_167' title='bbox 480 2277 519 2322; x_wconf 88' lang='lat' dir='ltr'><strong>ac</strong></span> <span class='ocrx_word' id='word_1_168' title='bbox 531 2257 694 2346; x_wconf 87' lang='lat' dir='ltr'><strong>supplevit</strong></span> <span class='ocrx_word' id='word_1_169' title='bbox 711 2262 744 2323; x_wconf 90' lang='lat' dir='ltr'><strong>et</strong></span> <span class='ocrx_word' id='word_1_170' title='bbox 756 2259 801 2324; x_wconf 89' lang='lat' dir='ltr'><strong>sic</strong></span> <span class='ocrx_word' id='word_1_171' title='bbox 813 2258 994 2325; x_wconf 88' lang='lat' dir='ltr'><strong>Pausaniae</strong></span> <span class='ocrx_word' id='word_1_172' title='bbox 1009 2256 1164 2345; x_wconf 88' lang='lat' dir='ltr'><strong>quaedam</strong></span> <span class='ocrx_word' id='word_1_173' title='bbox 1175 2255 1248 2323; x_wconf 90' lang='lat' dir='ltr'><strong>loca</strong></span> <span class='ocrx_word' id='word_1_174' title='bbox 1259 2253 1351 2342; x_wconf 80' lang='lat' dir='ltr'><strong>legi·</strong></span> 
     </span>
     <span class='ocr_line' id='line_1_20' title="bbox 210 2356 1351 2447; baseline 0.001 -26"><span class='ocrx_word' id='word_1_175' title='bbox 210 2377 280 2422; x_wconf 91' lang='lat' dir='ltr'><strong>mus</strong></span> <span class='ocrx_word' id='word_1_176' title='bbox 302 2364 451 2447; x_wconf 89' lang='lat' dir='ltr'><strong>corrupta</strong></span> <span class='ocrx_word' id='word_1_177' title='bbox 463 2358 677 2426; x_wconf 87' lang='lat' dir='ltr'><strong>emendatoris</strong></span> <span class='ocrx_word' id='word_1_178' title='bbox 691 2356 808 2427; x_wconf 71' lang='lat' dir='ltr'><strong>vitio.“</strong></span> <span class='ocrx_word' id='word_1_179' title='bbox 857 2360 945 2428; x_wconf 83' lang='lat' dir='ltr'><strong>Ante</strong></span> <span class='ocrx_word' id='word_1_180' title='bbox 958 2362 1040 2427; x_wconf 89' lang='lat' dir='ltr'><strong>haec</strong></span> <span class='ocrx_word' id='word_1_181' title='bbox 1053 2362 1116 2428; x_wconf 91' lang='lat' dir='ltr'><strong>tria</strong></span> <span class='ocrx_word' id='word_1_182' title='bbox 1128 2357 1260 2425; x_wconf 87' lang='lat' dir='ltr'><strong>saecula</strong></span> <span class='ocrx_word' id='word_1_183' title='bbox 1273 2356 1351 2446; x_wconf 59' lang='lat' dir='ltr'><strong>plu÷</strong></span> 
     </span>
     <span class='ocr_line' id='line_1_21' title="bbox 210 2455 1353 2552; baseline -0.003 -26"><span class='ocrx_word' id='word_1_184' title='bbox 210 2477 269 2526; x_wconf 88' lang='lat' dir='ltr'><strong>res·</strong></span> <span class='ocrx_word' id='word_1_185' title='bbox 283 2458 369 2524; x_wconf 83' lang='lat' dir='ltr'><strong>haud</strong></span> <span class='ocrx_word' id='word_1_186' title='bbox 391 2460 483 2529; x_wconf 90' lang='lat' dir='ltr'><strong>dubie</strong></span> <span class='ocrx_word' id='word_1_187' title='bbox 496 2463 642 2528; x_wconf 83' lang='lat' dir='ltr'><strong>Venetiis</strong></span> <span class='ocrx_word' id='word_1_188' title='bbox 659 2482 731 2529; x_wconf 91' lang='lat' dir='ltr'><strong>esse</strong></span> <span class='ocrx_word' id='word_1_189' title='bbox 750 2468 923 2552; x_wconf 89' lang='lat' dir='ltr'><strong>potuerunt</strong></span> <span class='ocrx_word' id='word_1_190' title='bbox 944 2462 1070 2531; x_wconf 90' lang='lat' dir='ltr'><strong>codices</strong></span> <span class='ocrx_word' id='word_1_191' title='bbox 1090 2460 1294 2547; x_wconf 78' lang='lat' dir='ltr'><strong>Pausaniae3</strong></span> <span class='ocrx_word' id='word_1_192' title='bbox 1319 2455 1353 2522; x_wconf 92' lang='lat' dir='ltr'><strong>id</strong></span> 
     </span>
     <span class='ocr_line' id='line_1_22' title="bbox 210 2558 1352 2656; baseline 0 -30"><span class='ocrx_word' id='word_1_193' title='bbox 210 2580 289 2629; x_wconf 88' lang='lat' dir='ltr'><strong>vero</strong></span> <span class='ocrx_word' id='word_1_194' title='bbox 304 2558 499 2627; x_wconf 82' lang='lat' dir='ltr'><strong>confidenter</strong></span> <span class='ocrx_word' id='word_1_195' title='bbox 511 2581 590 2625; x_wconf 88' lang='lat' dir='ltr'><strong>sane</strong></span> <span class='ocrx_word' id='word_1_196' title='bbox 603 2558 764 2627; x_wconf 82' lang='lat' dir='ltr'><strong>affirmare</strong></span> <span class='ocrx_word' id='word_1_197' title='bbox 778 2562 948 2656; x_wconf 83' lang='lat' dir='ltr'><strong>audemus,</strong></span> <span class='ocrx_word' id='word_1_198' title='bbox 973 2586 1076 2656; x_wconf 93' lang='lat' dir='ltr'><strong>neque</strong></span> <span class='ocrx_word' id='word_1_199' title='bbox 1089 2565 1166 2632; x_wconf 85' lang='lat' dir='ltr'><strong>Aldi</strong></span> <span class='ocrx_word' id='word_1_200' title='bbox 1179 2563 1352 2630; x_wconf 92' lang='lat' dir='ltr'><strong>editionem</strong></span> 
     </span>
     <span class='ocr_line' id='line_1_23' title="bbox 211 2662 1394 2754; baseline 0.002 -26"><span class='ocrx_word' id='word_1_201' title='bbox 211 2682 401 2751; x_wconf 84' lang='lat' dir='ltr'><strong>expressam</strong></span> <span class='ocrx_word' id='word_1_202' title='bbox 421 2682 494 2728; x_wconf 90' lang='lat' dir='ltr'><strong>esse</strong></span> <span class='ocrx_word' id='word_1_203' title='bbox 513 2683 555 2728; x_wconf 92' lang='lat' dir='ltr'><strong>ex</strong></span> <span class='ocrx_word' id='word_1_204' title='bbox 576 2662 632 2728; x_wconf 91' lang='lat' dir='ltr'><strong>illo</strong></span> <span class='ocrx_word' id='word_1_205' title='bbox 652 2662 774 2752; x_wconf 72' lang='lat' dir='ltr'><strong>codice,</strong></span> <span class='ocrx_word' id='word_1_206' title='bbox 796 2666 848 2752; x_wconf 93' lang='lat' dir='ltr'><strong>qui</strong></span> <span class='ocrx_word' id='word_1_207' title='bbox 870 2674 954 2730; x_wconf 88' lang='lat' dir='ltr'><strong>nunc</strong></span> <span class='ocrx_word' id='word_1_208' title='bbox 973 2669 1118 2733; x_wconf 90' lang='lat' dir='ltr'><strong>Venetus</strong></span> <span class='ocrx_word' id='word_1_209' title='bbox 1140 2671 1351 2754; x_wconf 77' lang='lat' dir='ltr'><strong>nuncupatur,</strong></span> <span class='ocrx_word' id='word_1_210' title='bbox 1388 2696 1394 2707; x_wconf 90' lang='lat'><strong>·</strong></span> 
     </span>
     <span class='ocr_line' id='line_1_24' title="bbox 129 2761 1353 2854; baseline 0.003 -26"><span class='ocrx_word' id='word_1_211' title='bbox 129 2838 134 2849; x_wconf 33' lang='grc' dir='ltr'><strong><em>Ι</em></strong></span> <span class='ocrx_word' id='word_1_212' title='bbox 209 2783 313 2850; x_wconf 90' lang='lat' dir='ltr'><strong>neque</strong></span> <span class='ocrx_word' id='word_1_213' title='bbox 327 2761 470 2829; x_wconf 79' lang='lat' dir='ltr'><strong>lloeveri</strong></span> <span class='ocrx_word' id='word_1_214' title='bbox 482 2763 596 2830; x_wconf 93' lang='lat' dir='ltr'><strong>librum</strong></span> <span class='ocrx_word' id='word_1_215' title='bbox 611 2784 653 2829; x_wconf 91' lang='lat' dir='ltr'><strong>ex</strong></span> <span class='ocrx_word' id='word_1_216' title='bbox 670 2782 709 2830; x_wconf 93' lang='lat' dir='ltr'><strong>eo</strong></span> <span class='ocrx_word' id='word_1_217' title='bbox 724 2763 916 2853; x_wconf 90' lang='lat' dir='ltr'><strong>descriptum</strong></span> <span class='ocrx_word' id='word_1_218' title='bbox 929 2786 1035 2834; x_wconf 89' lang='lat' dir='ltr'><strong>essee</strong></span> <span class='ocrx_word' id='word_1_219' title='bbox 1055 2788 1115 2854; x_wconf 93' lang='lat' dir='ltr'><strong>quo</strong></span> <span class='ocrx_word' id='word_1_220' title='bbox 1135 2766 1283 2834; x_wconf 89' lang='lat' dir='ltr'><strong>desumta</strong></span> <span class='ocrx_word' id='word_1_221' title='bbox 1301 2770 1353 2832; x_wconf 88' lang='lat' dir='ltr'><strong>est</strong></span> 
     </span>
     <span class='ocr_line' id='line_1_25' title="bbox 210 2864 1352 2960; baseline 0.003 -29"><span class='ocrx_word' id='word_1_222' title='bbox 210 2864 307 2932; x_wconf 91' lang='lat' dir='ltr'><strong>editio</strong></span> <span class='ocrx_word' id='word_1_223' title='bbox 324 2865 462 2931; x_wconf 86' lang='lat' dir='ltr'><strong>Veneta.</strong></span> <span class='ocrx_word' id='word_1_224' title='bbox 489 2864 641 2932; x_wconf 89' lang='lat' dir='ltr'><strong>Proxime</strong></span> <span class='ocrx_word' id='word_1_225' title='bbox 656 2865 737 2933; x_wconf 89' lang='lat' dir='ltr'><strong>haec</strong></span> <span class='ocrx_word' id='word_1_226' title='bbox 750 2866 873 2934; x_wconf 90' lang='lat' dir='ltr'><strong>accedit</strong></span> <span class='ocrx_word' id='word_1_227' title='bbox 884 2867 925 2933; x_wconf 89' lang='lat' dir='ltr'><strong>ad</strong></span> <span class='ocrx_word' id='word_1_228' title='bbox 940 2867 1111 2937; x_wconf 89' lang='lat' dir='ltr'><strong>lectionem</strong></span> <span class='ocrx_word' id='word_1_229' title='bbox 1120 2869 1253 2960; x_wconf 79' lang='lat' dir='ltr'><strong>codicis,</strong></span> <span class='ocrx_word' id='word_1_230' title='bbox 1268 2865 1352 2959; x_wconf 79' lang='lat' dir='ltr'><strong>quod</strong></span> 
     </span>
     <span class='ocr_line' id='line_1_26' title="bbox 210 2966 1352 3063; baseline 0.004 -31"><span class='ocrx_word' id='word_1_231' title='bbox 210 2967 274 3034; x_wconf 91' lang='lat' dir='ltr'><strong>iam</strong></span> <span class='ocrx_word' id='word_1_232' title='bbox 288 2967 478 3057; x_wconf 78' lang='lat' dir='ltr'><strong>monuimus,</strong></span> <span class='ocrx_word' id='word_1_233' title='bbox 503 2966 640 3035; x_wconf 85' lang='lat' dir='ltr'><strong>Vindob.</strong></span> <span class='ocrx_word' id='word_1_234' title='bbox 654 2968 685 3032; x_wconf 86' lang='lat' dir='ltr'><strong>b.</strong></span> <span class='ocrx_word' id='word_1_235' title='bbox 700 2975 732 3036; x_wconf 90' lang='lat' dir='ltr'><strong>et</strong></span> <span class='ocrx_word' id='word_1_236' title='bbox 743 2967 962 3060; x_wconf 87' lang='lat' dir='ltr'><strong>Neapolitani.</strong></span> <span class='ocrx_word' id='word_1_237' title='bbox 982 3010 1029 3020; x_wconf 88' lang='lat'><strong>—</strong></span> <span class='ocrx_word' id='word_1_238' title='bbox 1056 2971 1259 3063; x_wconf 82' lang='lat' dir='ltr'><strong>Expressam</strong></span> <span class='ocrx_word' id='word_1_239' title='bbox 1277 2990 1352 3038; x_wconf 89' lang='lat' dir='ltr'><strong>esse</strong></span> 
     </span>
     <span class='ocr_line' id='line_1_27' title="bbox 210 3069 1351 3164; baseline 0.003 -29"><span class='ocrx_word' id='word_1_240' title='bbox 210 3069 382 3136; x_wconf 87' lang='lat' dir='ltr'><strong>editionem</strong></span> <span class='ocrx_word' id='word_1_241' title='bbox 395 3071 604 3160; x_wconf 85' lang='lat' dir='ltr'><strong>negligenter</strong></span> <span class='ocrx_word' id='word_1_242' title='bbox 626 3076 659 3137; x_wconf 91' lang='lat' dir='ltr'><strong>et</strong></span> <span class='ocrx_word' id='word_1_243' title='bbox 677 3071 784 3140; x_wconf 86' lang='lat' dir='ltr'><strong>multis</strong></span> <span class='ocrx_word' id='word_1_244' title='bbox 805 3093 975 3162; x_wconf 87' lang='lat' dir='ltr'><strong>operarum</strong></span> <span class='ocrx_word' id='word_1_245' title='bbox 988 3076 1144 3164; x_wconf 89' lang='lat' dir='ltr'><strong>inquinari</strong></span> <span class='ocrx_word' id='word_1_246' title='bbox 1156 3077 1241 3144; x_wconf 87' lang='lat' dir='ltr'><strong>vitiis</strong></span> <span class='ocrx_word' id='word_1_247' title='bbox 1257 3073 1351 3141; x_wconf 92' lang='lat' dir='ltr'><strong>lacile</strong></span> 
     </span>
     <span class='ocr_line' id='line_1_28' title="bbox 210 3167 1351 3268; baseline 0.004 -30"><span class='ocrx_word' id='word_1_248' title='bbox 210 3170 410 3238; x_wconf 86' lang='lat' dir='ltr'><strong>concedimus</strong></span> <span class='ocrx_word' id='word_1_249' title='bbox 428 3167 483 3257; x_wconf 55' lang='grc' dir='ltr'><strong>ἢκ</strong></span> <span class='ocrx_word' id='word_1_250' title='bbox 513 3171 643 3237; x_wconf 87' lang='lat' dir='ltr'><strong>lacunas</strong></span> <span class='ocrx_word' id='word_1_251' title='bbox 655 3193 734 3241; x_wconf 88' lang='lat' dir='ltr'><strong>vero</strong></span> <span class='ocrx_word' id='word_1_252' title='bbox 748 3176 820 3242; x_wconf 89' lang='lat' dir='ltr'><strong>sola</strong></span> <span class='ocrx_word' id='word_1_253' title='bbox 832 3175 963 3244; x_wconf 90' lang='lat' dir='ltr'><strong>editoris</strong></span> <span class='ocrx_word' id='word_1_254' title='bbox 976 3177 1126 3246; x_wconf 89' lang='lat' dir='ltr'><strong>socordia</strong></span> <span class='ocrx_word' id='word_1_255' title='bbox 1139 3187 1241 3268; x_wconf 78' lang='lat' dir='ltr'><strong>ortas,</strong></span> <span class='ocrx_word' id='word_1_256' title='bbox 1273 3197 1351 3266; x_wconf 87' lang='lat' dir='ltr'><strong>quas</strong></span> 
     </span>
     <span class='ocr_line' id='line_1_29' title="bbox 132 3270 1352 3365; baseline 0.005 -25"><span class='ocrx_word' id='word_1_257' title='bbox 132 3336 137 3343; x_wconf 83' lang='lat'><strong><em>‚</em></strong></span> <span class='ocrx_word' id='word_1_258' title='bbox 210 3270 394 3341; x_wconf 75' lang='lat' dir='ltr'><strong>Clavierius</strong></span> <span class='ocrx_word' id='word_1_259' title='bbox 410 3273 468 3337; x_wconf 90' lang='lat' dir='ltr'><strong>sibi</strong></span> <span class='ocrx_word' id='word_1_260' title='bbox 488 3271 730 3362; x_wconf 87' lang='lat' dir='ltr'><strong>deprehendere</strong></span> <span class='ocrx_word' id='word_1_261' title='bbox 742 3276 830 3342; x_wconf 88' lang='lat' dir='ltr'><strong>visus</strong></span> <span class='ocrx_word' id='word_1_262' title='bbox 849 3284 911 3364; x_wconf 76' lang='lat' dir='ltr'><strong>est,</strong></span> <span class='ocrx_word' id='word_1_263' title='bbox 935 3299 994 3344; x_wconf 89' lang='lat' dir='ltr'><strong>nos</strong></span> <span class='ocrx_word' id='word_1_264' title='bbox 1008 3280 1133 3365; x_wconf 90' lang='lat' dir='ltr'><strong>quidem</strong></span> <span class='ocrx_word' id='word_1_265' title='bbox 1145 3282 1352 3350; x_wconf 90' lang='lat' dir='ltr'><strong>noniuveni-</strong></span> 
     </span>
     <span class='ocr_line' id='line_1_30' title="bbox 209 3360 1351 3471; baseline 0.005 -30"><span class='ocrx_word' id='word_1_266' title='bbox 209 3364 337 3461; x_wconf 67' lang='lat' dir='ltr'><strong>musl).</strong></span> <span class='ocrx_word' id='word_1_267' title='bbox 390 3372 495 3441; x_wconf 87' lang='lat' dir='ltr'><strong>Multo</strong></span> <span class='ocrx_word' id='word_1_268' title='bbox 517 3378 646 3443; x_wconf 86' lang='lat' dir='ltr'><strong>maioris</strong></span> <span class='ocrx_word' id='word_1_269' title='bbox 665 3379 818 3459; x_wconf 87' lang='lat' dir='ltr'><strong>momenti</strong></span> <span class='ocrx_word' id='word_1_270' title='bbox 836 3377 917 3444; x_wconf 95' lang='lat' dir='ltr'><strong>illud</strong></span> <span class='ocrx_word' id='word_1_271' title='bbox 932 3370 982 3446; x_wconf 84' lang='lat' dir='ltr'><strong>est</strong></span> <span class='ocrx_word' id='word_1_272' title='bbox 995 3379 1078 3468; x_wconf 92' lang='lat' dir='ltr'><strong>quod</strong></span> <span class='ocrx_word' id='word_1_273' title='bbox 1091 3360 1222 3471; x_wconf 83' lang='lat' dir='ltr'><strong>praeter</strong></span> <span class='ocrx_word' id='word_1_274' title='bbox 1233 3383 1351 3450; x_wconf 87' lang='lat' dir='ltr'><strong>multos</strong></span> 
     </span>
     <span class='ocr_line' id='line_1_31' title="bbox 210 3474 1351 3574; baseline 0.008 -31"><span class='ocrx_word' id='word_1_275' title='bbox 210 3477 291 3543; x_wconf 87' lang='lat' dir='ltr'><strong>alios</strong></span> <span class='ocrx_word' id='word_1_276' title='bbox 306 3474 478 3544; x_wconf 85' lang='lat' dir='ltr'><strong>Roeverus</strong></span> <span class='ocrx_word' id='word_1_277' title='bbox 499 3484 726 3555; x_wconf 87' lang='lat' dir='ltr'><strong>commemorat</strong></span> <span class='ocrx_word' id='word_1_278' title='bbox 744 3481 816 3548; x_wconf 90' lang='lat' dir='ltr'><strong>loco</strong></span> <span class='ocrx_word' id='word_1_279' title='bbox 837 3501 934 3570; x_wconf 87' lang='lat' dir='ltr'><strong>supra</strong></span> <span class='ocrx_word' id='word_1_280' title='bbox 954 3480 1129 3574; x_wconf 83' lang='lat' dir='ltr'><strong>adscripto,</strong></span> <span class='ocrx_word' id='word_1_281' title='bbox 1152 3483 1273 3552; x_wconf 81' lang='lat' dir='ltr'><strong>Aldum</strong></span> <span class='ocrx_word' id='word_1_282' title='bbox 1292 3504 1351 3552; x_wconf 91' lang='lat' dir='ltr'><strong>seu</strong></span> 
     </span>
     <span class='ocr_line' id='line_1_32' title="bbox 210 3577 1351 3682; baseline 0.012 -37"><span class='ocrx_word' id='word_1_283' title='bbox 210 3579 316 3667; x_wconf 91' lang='lat' dir='ltr'><strong>potius</strong></span> <span class='ocrx_word' id='word_1_284' title='bbox 336 3577 505 3645; x_wconf 82' lang='lat' dir='ltr'><strong>Musarum</strong></span> <span class='ocrx_word' id='word_1_285' title='bbox 531 3602 597 3649; x_wconf 91' lang='lat' dir='ltr'><strong>non</strong></span> <span class='ocrx_word' id='word_1_286' title='bbox 616 3602 719 3670; x_wconf 90' lang='lat' dir='ltr'><strong>pauca</strong></span> <span class='ocrx_word' id='word_1_287' title='bbox 739 3583 869 3674; x_wconf 80' lang='lat' dir='ltr'><strong>ingenio</strong></span> <span class='ocrx_word' id='word_1_288' title='bbox 886 3605 945 3652; x_wconf 92' lang='lat' dir='ltr'><strong>suo</strong></span> <span class='ocrx_word' id='word_1_289' title='bbox 966 3587 1142 3655; x_wconf 87' lang='lat' dir='ltr'><strong>mutavisse</strong></span> <span class='ocrx_word' id='word_1_290' title='bbox 1161 3593 1195 3658; x_wconf 87' lang='lat' dir='ltr'><strong>et</strong></span> <span class='ocrx_word' id='word_1_291' title='bbox 1215 3587 1351 3682; x_wconf 87' lang='lat' dir='ltr'><strong>supple-</strong></span> 
     </span>
    </p>
   </div>
   <div class='ocr_carea' id='block_1_12' title="bbox 210 3779 424 3798">
    <p class='ocr_par' dir='ltr' id='par_1_12' title="bbox 210 3779 424 3798">
     <span class='ocr_line' id='line_1_33' title="bbox 210 3779 424 3798; baseline -0.005 -5"><span class='ocrx_word' id='word_1_292' title='bbox 210 3779 424 3798; x_wconf 38' lang='lat' dir='ltr'><strong>h.—</strong></span> 
     </span>
    </p>
   </div>
   <div class='ocr_carea' id='block_1_13' title="bbox 157 3892 1351 4064">
    <p class='ocr_par' dir='ltr' id='par_1_13' title="bbox 157 3892 1351 4064">
     <span class='ocr_line' id='line_1_34' title="bbox 280 3892 1351 3993; baseline 0.017 -33"><span class='ocrx_word' id='word_1_293' title='bbox 280 3908 308 3974; x_wconf 91' lang='lat' dir='ltr'><strong>a)</strong></span> <span class='ocrx_word' id='word_1_294' title='bbox 321 3909 404 3990; x_wconf 72' lang='lat' dir='ltr'><strong>Multi</strong></span> <span class='ocrx_word' id='word_1_295' title='bbox 423 3911 550 3967; x_wconf 84' lang='lat' dir='ltr'><strong>eiusmodi</strong></span> <span class='ocrx_word' id='word_1_296' title='bbox 568 3933 672 3972; x_wconf 87' lang='lat' dir='ltr'><strong>errores</strong></span> <span class='ocrx_word' id='word_1_297' title='bbox 689 3936 772 3989; x_wconf 85' lang='lat' dir='ltr'><strong>usque</strong></span> <span class='ocrx_word' id='word_1_298' title='bbox 795 3918 824 3974; x_wconf 90' lang='lat' dir='ltr'><strong>in</strong></span> <span class='ocrx_word' id='word_1_299' title='bbox 845 3892 1040 3979; x_wconf 76' lang='lat' dir='ltr'><strong>recentissimas</strong></span> <span class='ocrx_word' id='word_1_300' title='bbox 1061 3926 1192 3983; x_wconf 79' lang='lat' dir='ltr'><strong>editiones</strong></span> <span class='ocrx_word' id='word_1_301' title='bbox 1228 3941 1259 3980; x_wconf 82' lang='lat' dir='ltr'><strong>ro</strong></span> <span class='ocrx_word' id='word_1_302' title='bbox 1279 3923 1351 3993; x_wconf 74' lang='lat' dir='ltr'><strong>agabi</strong></span> 
     </span>
     <span class='ocr_line' id='line_1_35' title="bbox 157 3980 1350 4064; baseline 0.017 -37"><span class='ocrx_word' id='word_1_303' title='bbox 157 3994 161 4000; x_wconf 85' lang='grc'>’</span> <span class='ocrx_word' id='word_1_304' title='bbox 212 3980 287 4040; x_wconf 82' lang='lat' dir='ltr'><strong>sunt3</strong></span> <span class='ocrx_word' id='word_1_305' title='bbox 305 3994 345 4029; x_wconf 85' lang='lat' dir='ltr'><strong>src</strong></span> <span class='ocrx_word' id='word_1_306' title='bbox 360 3998 388 4032; x_wconf 88' lang='lat' dir='ltr'><strong>v.</strong></span> <span class='ocrx_word' id='word_1_307' title='bbox 407 4000 435 4050; x_wconf 87' lang='lat' dir='ltr'><strong>g.</strong></span> <span class='ocrx_word' id='word_1_308' title='bbox 453 3985 483 4050; x_wconf 84' lang='lat' dir='ltr'><strong>I,</strong></span> <span class='ocrx_word' id='word_1_309' title='bbox 499 3985 548 4051; x_wconf 68' lang='lat'><strong>25,</strong></span> <span class='ocrx_word' id='word_1_310' title='bbox 567 3987 593 4038; x_wconf 91' lang='lat'><strong>8.</strong></span> <span class='ocrx_word' id='word_1_311' title='bbox 615 3987 682 4040; x_wconf 85' lang='lat' dir='ltr'><strong>vitio</strong></span> <span class='ocrx_word' id='word_1_312' title='bbox 699 3991 865 4058; x_wconf 86' lang='lat' dir='ltr'><strong>typothetico</strong></span> <span class='ocrx_word' id='word_1_313' title='bbox 883 3992 943 4046; x_wconf 86' lang='lat' dir='ltr'><strong>Ald.</strong></span> <span class='ocrx_word' id='word_1_314' title='bbox 962 3994 1042 4049; x_wconf 85' lang='lat' dir='ltr'><strong>habet</strong></span> <span class='ocrx_word' id='word_1_315' title='bbox 1059 3994 1200 4064; x_wconf 69' lang='grc' dir='ltr'><em>φαγήνπί</em></span> <span class='ocrx_word' id='word_1_316' title='bbox 1233 4013 1249 4048; x_wconf 89' lang='lat' dir='ltr'><strong>e</strong></span> <span class='ocrx_word' id='word_1_317' title='bbox 1276 4001 1350 4048; x_wconf 82' lang='lat' dir='ltr'><strong>tores</strong></span> 
     </span>
    </p>
   </div>
   <div class='ocr_carea' id='block_1_14' title="bbox 213 4052 1351 4190">
    <p class='ocr_par' dir='ltr' id='par_1_14' title="bbox 213 4052 1351 4190">
     <span class='ocr_line' id='line_1_36' title="bbox 213 4052 1351 4128; baseline 0.03 -35"><span class='ocrx_word' id='word_1_318' title='bbox 213 4052 354 4128; x_wconf 73' lang='lat' dir='ltr'><strong>sequentes</strong></span> <span class='ocrx_word' id='word_1_319' title='bbox 371 4062 503 4105; x_wconf 84' lang='lat' dir='ltr'><strong>mutarunt</strong></span> <span class='ocrx_word' id='word_1_320' title='bbox 520 4054 548 4106; x_wconf 91' lang='lat' dir='ltr'><strong>in</strong></span> <span class='ocrx_word' id='word_1_321' title='bbox 563 4054 687 4125; x_wconf 77' lang='lat' dir='ltr'><strong>opocyq&#39;v3</strong></span> <span class='ocrx_word' id='word_1_322' title='bbox 703 4059 813 4112; x_wconf 80' lang='lat' dir='ltr'><strong>clavier</strong></span> <span class='ocrx_word' id='word_1_323' title='bbox 824 4067 852 4114; x_wconf 86' lang='lat' dir='ltr'><strong>et</strong></span> <span class='ocrx_word' id='word_1_324' title='bbox 863 4060 969 4115; x_wconf 86' lang='lat' dir='ltr'><strong>Bekker</strong></span> <span class='ocrx_word' id='word_1_325' title='bbox 979 4082 995 4117; x_wconf 90' lang='lat' dir='ltr'><strong>e</strong></span> <span class='ocrx_word' id='word_1_326' title='bbox 1007 4062 1142 4118; x_wconf 81' lang='lat' dir='ltr'><strong>codicibus</strong></span> <span class='ocrx_word' id='word_1_327' title='bbox 1155 4082 1245 4125; x_wconf 63' lang='lat' dir='ltr'><strong>verbm</strong></span> <span class='ocrx_word' id='word_1_328' title='bbox 1254 4063 1351 4117; x_wconf 63' lang='grc' dir='ltr'>Ιθθῖῖθ·</span> 
     </span>
     <span class='ocr_line' id='line_1_37' title="bbox 213 4120 577 4190; baseline 0.036 -28"><span class='ocrx_word' id='word_1_329' title='bbox 213 4128 272 4165; x_wconf 87' lang='lat' dir='ltr'><strong>nem</strong></span> <span class='ocrx_word' id='word_1_330' title='bbox 287 4122 459 4171; x_wconf 67' lang='lat' dir='ltr'><strong>recoluerunt</strong></span> <span class='ocrx_word' id='word_1_331' title='bbox 474 4120 577 4190; x_wconf 81' lang='grc' dir='ltr'><strong><em>φυγήν.</em></strong></span> 
     </span>
    </p>
   </div>
   <div class='ocr_carea' id='block_1_15' title="bbox 214 4172 1218 4455">
    <p class='ocr_par' dir='ltr' id='par_1_15' title="bbox 214 4172 1352 4455">
     <span class='ocr_line' id='line_1_38' title="bbox 259 4172 908 4320; baseline 0.04 -88"><span class='ocrx_word' id='word_1_332' title='bbox 259 4248 266 4263; x_wconf 42' lang='grc'><strong>.</strong></span> <span class='ocrx_word' id='word_1_333' title='bbox 282 4183 312 4250; x_wconf 94' lang='lat' dir='ltr'><strong>b)</strong></span> <span class='ocrx_word' id='word_1_334' title='bbox 329 4172 371 4250; x_wconf 82' lang='lat'><strong>„11</strong></span> <span class='ocrx_word' id='word_1_335' title='bbox 383 4204 402 4253; x_wconf 86' lang='lat' dir='ltr'>y</span> <span class='ocrx_word' id='word_1_336' title='bbox 415 4204 526 4271; x_wconf 85' lang='lat' dir='ltr'><strong>manque</strong></span> <span class='ocrx_word' id='word_1_337' title='bbox 540 4193 621 4246; x_wconf 71' lang='lat' dir='ltr'><strong>meme</strong></span> <span class='ocrx_word' id='word_1_338' title='bbox 636 4193 764 4265; x_wconf 78' lang='lat' dir='ltr'><strong>quelques</strong></span> <span class='ocrx_word' id='word_1_339' title='bbox 775 4214 796 4317; x_wconf 84' lang='lat' dir='ltr'><strong>p</strong></span> <span class='ocrx_word' id='word_1_340' title='bbox 840 4215 908 4320; x_wconf 29' lang='lat' dir='ltr'><strong>‘pss</strong></span> 
     </span>
     <span class='ocr_line' id='line_1_39' title="bbox 214 4254 1218 4455; baseline 0.018 -73"><span class='ocrx_word' id='word_1_341' title='bbox 214 4254 382 4391; x_wconf 70' lang='lat' dir='ltr'><strong>aa</strong></span> <span class='ocrx_word' id='word_1_342' title='bbox 393 4262 1218 4455; x_wconf 44' lang='lat' dir='ltr'><strong>capenam</strong></span> 
     </span>
    </p>
   </div>
   <div class='ocr_carea' id='block_1_16' title="bbox 798 4200 1352 4270">
    <p class='ocr_par' dir='ltr' id='par_1_16' title="bbox 798 4200 1352 4270">
     <span class='ocr_line' id='line_1_40' title="bbox 798 4200 1352 4270; baseline 0.011 -21"><span class='ocrx_word' id='word_1_343' title='bbox 798 4214 857 4250; x_wconf 84' lang='lat' dir='ltr'><strong>assa</strong></span> <span class='ocrx_word' id='word_1_344' title='bbox 877 4215 906 4251; x_wconf 80' lang='lat' dir='ltr'><strong>es</strong></span> <span class='ocrx_word' id='word_1_345' title='bbox 923 4200 970 4270; x_wconf 91' lang='lat' dir='ltr'><strong>qui</strong></span> <span class='ocrx_word' id='word_1_346' title='bbox 982 4207 1044 4256; x_wconf 86' lang='lat' dir='ltr'><strong>sont</strong></span> <span class='ocrx_word' id='word_1_347' title='bbox 1056 4200 1122 4256; x_wconf 86' lang='lat' dir='ltr'><strong>dans</strong></span> <span class='ocrx_word' id='word_1_348' title='bbox 1134 4207 1194 4255; x_wconf 79' lang='lat' dir='ltr'><strong>tous</strong></span> <span class='ocrx_word' id='word_1_349' title='bbox 1206 4200 1247 4255; x_wconf 83' lang='lat' dir='ltr'><strong>les</strong></span> <span class='ocrx_word' id='word_1_350' title='bbox 1259 4216 1352 4259; x_wconf 70' lang='lat' dir='ltr'><strong>monu-</strong></span> 
     </span>
    </p>
   </div>
   <div class='ocr_carea' id='block_1_17' title="bbox 0 0 1447 4846">
    <p class='ocr_par' dir='ltr' id='par_1_17' title="bbox 0 0 1447 4846">
     <span class='ocr_line' id='line_1_41' title="bbox 0 0 1447 4846; baseline 0 0"><span class='ocrx_word' id='word_1_351' title='bbox 0 0 1447 4846; x_wconf 95' lang='lat' dir='ltr'><strong> </strong></span> 
     </span>
    </p>
   </div>
  </div>
 </body>
</html>
