2872 4846
222 250 288 316 Μ
630 240 919 307 ΛΑΚΩΝΙΚΑ

225 441 283 488 κοι
303 407 366 488 τὸν
385 414 495 484 παῖδα
520 410 557 481 έκ
580 404 671 496 Διὸς
686 410 744 481 καί
767 403 840 481 ὑπὸ
859 408 927 480 Ιτού
949 399 1101 498 Κάδμου
1124 409 1349 500 φωραθεῖσα

227 521 263 606 ές
274 512 426 611 λάρνακα
441 506 530 609 αύτὴ
543 514 601 583 καί
622 507 801 598 Διόνυσος
821 514 1024 606 ἐμβληθείη·
1058 501 1198 603 κοίτην
1210 500 1348 599 λάρνα-

226 648 272 693 κα
296 612 369 691 ύπό
393 623 460 689 τοῦ
480 611 664 701 κλύδωνος
686 618 837 687 έκπεσεῖν
860 616 969 709 φασίν
995 615 1031 699 ές
1058 606 1121 707 τὴν
1151 612 1348 704 σφετέρων,

227 724 285 794 καί
301 722 455 813 Σεμέλην
472 719 533 810 μέν
550 711 613 810 (ού
635 712 701 813 γὰρ
717 712 828 812 αὐτὴν
841 722 1034 810 περιοῦσαν
1050 719 1098 786 έτι
1112 709 1247 808 εὑρεῖν)
1273 715 1347 782 ἐπι-

195 829 358 920 νφανῶς
383 817 517 912 θάύαι,
552 816 732 893 Διόνυσον
761 821 798 890 δέ
825 814 1021 908 ἀναθρέψαι
1049 820 1222 912 λέγουσιν.
1289 816 1348 885 έπί

229 922 379 1023 τούτφ9
413 925 451 997 δὲ
482 918 606 1012 αὐτοῖς
629 927 687 995 καί
710 917 781 1019 «τὴν
809 918 929 1010 πόλιν,
957 915 1134 1014 Ὀρειάτας
1161 921 1197 1007 ές
1229 921 1347 989 έκεῖνο

231 1024 504 1120 ὀνομαζομένας,
546 1031 849 1121 μετονομασθῆναι
877 1019 1030 1118 Βρασιάς
1059 1025 1113 1095 ἐπί
1139 1027 1182 1115 τῇ
1210 1023 1347 1113 ἐκβολῇ

231 1138 274 1226 τῇ
292 1135 328 1218 ές
344 1126 408 1226 τὴν
427 1136 492 1224 γῆν
506 1127 613 1225 τῆςῙ0
627 1125 807 1222 λάρνακος.
861 1122 1029 1213 ὡσαύτως
1047 1126 1155 1198 δὲκαὶ
1170 1118 1223 1217 ἐφ’
1240 1119 1348 1218 ἡμῶν

229 1230 274 1306 τά
288 1230 362 1305 ύπδ
375 1239 442 1303 τού
455 1226 638 1318 κλύδωνος
652 1225 890 1322 ἀπωθούμενα
899 1233 935 1317 ές
946 1225 1010 1325 τὴν
1025 1235 1090 1324 γῆν
1104 1221 1347 1320 ἐκβεβράσθαι

230 1339 401 1407 καλοῦσιν
416 1338 454 1407 οί
473 1338 606 1406 πολλοί.
658 1338 847 1430 Βρασιᾶται
861 1335 903 1406 δέ
925 1336 980 1404 καί
1005 1328 1086 1405 τάδε
1110 1333 1348 1424 ἐπιλέγουσιν,

226 1431 300 1511 'Irni
318 1452 441 1532 σφισιν
463 1439 499 1524 ές
519 1431 581 1532 τὴν
602 1432 719 1532 χώραν
736 1431 926 1531 ἀφικέσθαι
946 1435 1186 1527 πλανωμένην,
1213 1435 1349 1503 ἐλθοῦ-

232 1555 298 1614 σαν
314 1538 346 1586 11
371 1540 409 1611 δέ
432 1542 593 1634 ἐθελῆσαι
613 1547 682 1612 τού
698 1534 884 1612 Διονύσου
906 1541 1066 1633 γενέσθαι
1092 1529 1240 1630 τροφόν.
1287 1536 1350 1605 καί

233 1637 474 1736 ἀποφαίνουσι
497 1643 558 1734 μὲν
586 1636 627 1713 τδ
650 1639 778 1738 ἀντρον
801 1645 887 1714 ένθα
905 1636 969 1713 τὸν
992 1635 1172 1713 Διόνυσον
1193 1640 1350 1732 έθρεηίιεν

199 1738 323 1835 σἸνοί,
351 1749 502 1816 καλοῦσι
528 1746 567 1816 δέ
592 1747 651 1815 καί
672 1741 714 1817 τὰ
736 1748 856 1817 πεδίον
878 1738 1063 1816 Διονύσου
1089 1748 1212 1836 κῆπον.
1287 1743 1349 1833 (4)

225 1842 313 1942 Ἱερὰ
339 1848 378 1920 δέ
399 1841 530 1918 αύτόθι
550 1840 592 1919 cd
614 1849 676 1937 μέν
696 1850 788 1920 ἐστιν
809 1841 1032 1942 Ἇωιληπιού,
1056 1841 1097 1917 τὰ
1114 1846 1152 1917 δέ
1169 1838 1352 1938 Ἀχιλλέως

231 1952 289 2025 καί
304 1943 427 2043 έορτην
440 1943 527 2018 κατὰ
545 1952 622 2034 έτος
641 1946 789 2043 ἀχουσιν
805 1943 951 2044 Ἀχιλλεῖ.
967 1946 1001 1993 1²
1044 1944 1133 2042 ἀκρα
1145 1948 1185 2018 δέ
1198 1949 1293 2018 ἐστιν
1310 1949 1351 2018 έν

231 2064 308 2140 ταῖς
331 2056 499 2146 Βρασιαῖς
523 2045 628 2142 μικρά
651 2054 853 2146 προέχουσα
876 2046 986 2146 ἠρέμα
1009 2053 1044 2137 ές
1066 2046 1130 2147 την
1150 2043 1351 2138 θάλασσαν,

233 2156 291 2227 καί
315 2147 364 2227 ἐπ’
388 2146 478 2248 αὐτῇ
494 2151 527 2199 ¹³
555 2159 676 2248 χαλκοῖ
705 2156 877 2226 ποδιαίων
908 2147 1089 2249 ἑστήκασιν
1107 2145 1156 2225 ού
1192 2153 1352 2243 μείζονες

193 2388 197 2403 ‚
238 2325 381 2385 Semelen
414 2320 538 2403 quidem
563 2324 629 2381 lovi
653 2323 798 2381 Liberum
826 2325 949 2381 Patrem
973 2323 1145 2403 peperisse3
1181 2341 1199 2380 a
1229 2320 1350 2382 cadmo

231 2429 302 2469 vero
325 2407 544 2488 deprehensam
566 2428 637 2465 cum
649 2428 742 2486 puero
764 2429 868 2467 recens
887 2419 959 2467 natu
980 2411 1013 2465 in
1035 2427 1136 2466 arcam
1155 2408 1348 2466 coniectum:

235 2515 304 2553 eam
327 2513 429 2552 arcam
452 2503 537 2551 aestu
559 2495 701 2551 iactatam
722 2495 754 2550 in
776 2493 851 2552 fines
871 2514 941 2552 suos
965 2495 1110 2551 eiectam:
1133 2494 1177 2550 ibi
1190 2494 1349 2567 Semelen,

237 2599 315 2661 quae
330 2581 391 2638 iam
406 2589 538 2637 mortem
552 2580 684 2654 obierat,
708 2598 771 2636 ase
784 2579 944 2658 magnifice
961 2581 1129 2659 sepultam:
1153 2580 1352 2658 superstitem

235 2685 366 2744 puerum
383 2662 553 2722 educatum.
597 2667 676 2720 Eam
689 2664 783 2723 fuisse
800 2685 941 2740 causam,
971 2676 1005 2723 ut
1024 2664 1095 2722 urbs
1116 2683 1187 2737 sua,
1208 2683 1286 2743 quae
1311 2661 1352 2721 ad

238 2749 318 2808 illud
340 2769 437 2829 usque
456 2760 576 2828 tempus
591 2751 716 2808 Orestae
737 2751 889 2829 appellata
903 2751 1018 2825 fuerat,
1043 2751 1107 2806 iam
1120 2759 1237 2807 mutato
1253 2768 1352 2808 voca-

232 2835 306 2894 bulo
326 2836 447 2893 Brasiae
470 2832 655 2907 dicerentur,
691 2845 787 2891 sumto
811 2837 930 2892 nomine
951 2837 988 2892 ab
1013 2854 1098 2892 arcae
1119 2836 1152 2891 in
1174 2854 1242 2892 eam
1263 2854 1352 2892 oram

238 2920 402 2978 eiectione:
429 2917 549 2996 quando
565 2928 662 2976 aetate
678 2920 768 2976 etiam
785 2930 905 2995 nostra,
928 2939 1005 3001 quae
1022 2921 1115 2976 maris
1129 2930 1213 2979 aestu
1228 2917 1267 2976 ad
1285 2931 1353 2977 ter-

236 3023 302 3062 ram
326 3000 545 3076 extruduntur,
576 2997 779 3082 ἐκβεβράσθαι
807 3001 930 3083 (idest,
955 3007 1048 3062 maris
1066 3016 1150 3062 aestu
1171 3003 1302 3083 eiectare)
1328 3023 1348 3061 a

235 3089 342 3147 multis
362 3087 514 3155 dicuntur.
558 3085 684 3145 Addunt
706 3098 736 3145 et
753 3089 811 3145 alia
825 3088 999 3148 huiusmodi
1012 3091 1184 3148 Brasiatae:
1204 3092 1258 3145 Ino
1272 3109 1351 3166 pro-

234 3174 342 3253 fugam
361 3174 394 3230 in
416 3192 525 3251 agrum
544 3193 634 3232 suum
661 3174 797 3247 venisse3
825 3175 868 3233 ibi
888 3177 1034 3234 Liberum
1056 3178 1179 3233 Patrem
1204 3173 1353 3232 alendum

236 3261 415 3336 suscepisse.
463 3260 595 3317 Antrum
625 3269 816 3333 monstrant,
850 3262 903 3317 ubi
924 3265 978 3318 illa
1002 3262 1152 3317 infantem
1173 3261 1351 3333 enutrierit3

237 3353 268 3403 et
295 3362 438 3421 campum
460 3344 615 3421 appellant
636 3342 749 3400 Bacchi
773 3341 906 3403 hortum.
958 3343 1006 3424 (4)
1027 3347 1161 3424 Templa
1184 3346 1248 3403 illic
1267 3355 1352 3418 sunt,

236 3429 410 3506 Aesculapii
429 3447 542 3502 unum,
561 3416 701 3486 ‘Achillis
720 3431 861 3486 alterum.
915 3433 1019 3489 Festos
1041 3433 1133 3487 etiam
1151 3429 1214 3488 dies
1235 3428 1354 3487 Achilli

236 3515 399 3594 quotannis
422 3515 548 3590 agitant.
591 3515 647 3570 Est
667 3515 780 3572 Brasiis
803 3534 933 3593 parvum
952 3526 982 3572 et
999 3517 1132 3573 molliter
1145 3518 1178 3572 in
1193 3533 1277 3572 mare
1294 3534 1354 3571 ex-

237 3606 360 3657 currens
384 3597 631 3679 promontorium.
692 3602 728 3657 ln
752 3620 788 3659 eo
812 3601 914 3678 sigilla
939 3602 1052 3680 pileata
1074 3598 1190 3688 rideas·
1207 3619 1248 3658 ex
1272 3618 1352 3676 aere,

171 3771 178 3779 '
273 3764 301 3817 9.
319 3734 367 3816 tut
378 3755 411 3814 δέ
423 3755 513 3830 τούτῳ
522 3756 555 3814 δέ
567 3761 618 3814 La.
641 3755 749 3830 ἀνομαζ
766 3791 778 3801 -
848 3766 892 3819 11.
903 3783 960 3835 vpro
978 3757 1118 3818 έλθούσαν
1136 3764 1170 3818 C.
1179 3764 1250 3817 coni.
1267 3756 1351 3817 ἕκοῦ.

238 3827 326 3902 μένην
339 3848 387 3885 seu
397 3825 620 3899 ὀνομαζομένους
631 3831 690 3884 vult
700 3832 779 3900 sylb.
811 3849 874 3886 σαν.
914 3851 974 3886 mox
999 3834 1050 3884 τοῦ
1066 3827 1126 3893 διὸς
1145 3828 1278 3900 γενέσθαι
1296 3835 1351 3891 La.

239 3901 372 3984 posterius
384 3904 500 3971 probunt
511 3901 565 3954 ΕΒ.
584 3898 758 3970 βρασίαςΙιο.
810 3900 1021 3969 ἀποφαίνουσιν
1031 3901 1127 3970 Ang.

239 3961 780 4093 vbllffifnteussm}ffiaffifufflfffiff
849 4006 892 4058 12.
909 4000 1007 4073 Ἀχιλεῖ
1015 4004 1085 4056 Vab.
1100 3997 1157 4057 ἐστι
1169 3997 1199 4056 έν
1211 4004 1263 4056 Va.
1283 4002 1355 4073 βρα.

239 4107 273 4160 ad
285 4124 369 4176 marg.
382 4109 418 4159 R.
438 4101 499 4160 ιίλλ.
511 4105 621 4159 πολλοί.
640 4114 696 4159 turn
707 4077 781 4173 Βραῖ
813 4079 888 4135 masc
898 4074 964 4142 (εἷο)
976 4067 1070 4139 μακρὰ
1084 4072 1135 4125 ¹⁴⁸·

238 4169 337 4227 σιάται
360 4175 470 4230 xKFc.
500 4177 569 4230 Tum
587 4171 636 4228 καί
648 4171 716 4228 τάδε
728 4193 780 4229 cm.
852 4177 893 4230 13.
923 4168 965 4228 ἐπ’
982 4175 1042 4244 (fin.
1060 4173 1123 4239 lia.)
1148 4176 1185 4245 τῇ
1206 4178 1265 4241 Vb3
1289 4181 1355 4229 turn

239 4244 292 4297 Vb.
815 4244 943 4314 μείζονας
961 4245 1003 4299 Va
1022 4255 1077 4300 tum
1097 4241 1209 4313 ἔχουσιν
1222 4245 1275 4316 Ag.
1294 4263 1355 4300 mox
