2872 4846
422 254 511 314 SEU
533 257 621 311 LIB.
642 257 667 313 1.
709 254 809 313 GAP.
830 259 897 313 XII.
1210 258 1255 321 iffi

148 449 262 514 γονος.
277 417 326 508 ὡς
340 424 378 494 δέ
392 428 430 494 oi
439 429 548 495 ταῦτα
561 419 681 518 ἤρεσκε
695 425 861 517 (διέμελλε
874 417 939 519 γάρ
949 415 998 495 ἐπ’
1014 416 1134 495 οὐδενί
1144 410 1192 495 oio
1206 426 1248 473 ¹⁰
1268 437 1285 488 t

148 526 294 618 ἕλοιτο),
322 520 445 597 αὐτίκα
457 533 549 613 ναῦς
563 553 598 598 τε
620 520 774 621 ἐπλήρου
787 522 921 623 μακράς
934 529 992 599 καί
1008 530 1112 599 πλοῖα
1132 540 1252 621 στρογ-
1333 564 1341 577 ·

146 623 235 721 γάλα
256 631 296 677 1¹
339 623 531 720 εὐτρέπιζεν
572 634 704 717 ίππους
730 632 787 701 ναί
814 626 945 727 ἄνδρας
979 624 1122 716 ὁπλίτας
1150 625 1251 724 ίίγειν.

147 734 203 824 (3)
216 727 315 803 Ἔστι
338 734 375 804 δέ
392 727 539 827 άνδράσι
556 737 671 825 βιβλία
687 727 758 804 oria
777 737 978 828 ἐπιφανέσιν
994 735 1036 783 ¹²
1053 736 1089 819 ἐς
1105 752 1251 827 συγγρα·

146 827 219 928 (γὴν
235 838 355 929 ἔχοντα
376 840 566 930 ἐπίγραμμα
591 838 700 930 ἔργων
720 838 761 887 1³
779 832 1012 932 ὑπομνήματα
1035 834 1130 907 εἶναι.
1163 841 1246 907 ταῦ-

145 965 187 1006 τα
215 941 438 1035 ἐπιλεγομένῳ
469 966 530 1030 μοι
557 933 702 1030 μάλιστα
730 942 858 1034 ἐπῆλθε
885 935 1068 1032 θαυμάσαι
1094 934 1251 1033 ’Πάῤῥου

145 1035 275 1131 τόλμαν
293 1069 344 1131 τε,
370 1036 414 1137 ἣν
424 1037 619 1137 μαχόμενος
633 1036 744 1129 αὐτός
765 1070 800 1114 τε
820 1048 1017 1139 παρείχετο,
1043 1044 1100 1113 καί
1113 1037 1175 1138 τήν
1196 1045 1251 1113 ἐπί

144 1158 219 1229 τοῖς
239 1136 291 1214 dei
308 1148 494 1235 μέλλουσιν
515 1140 623 1240 άγῶσι
642 1141 827 1241 πρόνοιαν·
855 1140 897 1233 δς
916 1148 973 1218 καί
989 1142 1066 1218 τότε
1085 1140 1250 1240 περαιού-

143 1273 247 1336 μενος
262 1250 387 1320 ναυσίν
406 1251 443 1335 ἐς
456 1242 597 1321 Ἰταλίαν
613 1244 807 1341 Ῥωμαίους
822 1245 973 1347 ἐλελήθει
991 1252 1047 1320 ναί
1072 1243 1166 1344 ἥκων
1181 1241 1250 1322 οιάι

143 1343 259 1436 εὐθὺς
280 1336 323 1444 ἦν
351 1355 453 1445 σφίσι
480 1348 653 1447 φανερός·
676 1356 879 1448 γιγνομένης
901 1356 938 1424 δὲ
953 1348 1131 1444 Ῥωμαίων
1159 1346 1250 1445 πρὸς

146 1457 383 1546 Ταραντίνους
404 1460 604 1549 συμβολῆς,
628 1450 706 1527 τότε
727 1451 771 1552 δή
790 1462 929 1548 πρῶτον
945 1460 1158 1550 ἐπιφαίνεται
1181 1449 1250 1526 σάν

140 1561 189 1650 τῷ
212 1562 365 1652 στρατῷ,
390 1560 447 1628 καί
467 1553 545 1652 παρ’
560 1561 682 1629 ἐλπίδα
700 1561 744 1609 14
769 1564 870 1654 σφίσι
891 1552 1117 1653 προσπεσών,
1144 1553 1192 1643 ὡς
1207 1552 1248 1628 τό
1334 1574 1353 1613 ⁰

141 1653 252 1747 είκός,
279 1655 445 1749 ἐτάραξεν.
478 1655 538 1731 cire
554 1662 592 1733 δέ
610 1658 731 1756 ἄριστα
746 1657 968 1753 ἐπιστάμενος
994 1657 1042 1747 ὡς
1063 1654 1131 1733 οὐκ
1154 1653 1282 1747 ἄξιά-3
1371 1690 1377 1703 ’

140 1788 250 1856 μαχος
266 1767 315 1856 εἴη
330 1758 633 1854 πρδςῬωμαίους,
658 1759 927 1859 παρεσκευάζετο
945 1761 993 1851 ὡς
1005 1758 1094 1851 τούς
1107 1766 1248 1859 ἐλέφαν-

140 1891 201 1950 τας
218 1860 407 1959 ἐπαφήσων
431 1870 561 1960 σφίσιν.
603 1870 659 1960 (4)
670 1861 935 1961 Ἐλέφαντας-δέ
950 1874 1090 1963 πρῶτος
1103 1867 1166 1959 μέν
1177 1870 1250 1941 τῶν

139 1969 177 2036 ἐκ
205 1972 267 2061 τῆς
286 1962 465 2064 Εὐρώπης
483 1963 701 2064 Ἀλέξανδρος
729 1966 912 2065 ἐκτήσατο,
947 1976 1080 2065 Πῶρον
1100 1972 1159 2041 ναί
1184 1964 1249 2065 τήν

139 2063 289 2162 δύναμιν
301 2067 460 2145 καθελών
478 2075 520 2122 ¹⁵
542 2068 605 2170 τήν
618 2067 750 2146 Ἰνδῶν·
777 2067 1023 2162 ἀποθανόντος
1046 2074 1084 2144 δέ
1101 2066 1247 2159 Ἀλεξάν-

136 2304 270 2382 primum
285 2304 316 2361 in
329 2304 448 2361 Italiam
462 2305 598 2361 traiicere
618 2306 736 2379 statuit,
760 2302 851 2383 (quae
871 2302 1002 2363 hominis
1022 2303 1136 2362 eratin
1156 2304 1245 2363 rebus

136 2389 275 2465 gerendis
292 2390 442 2468 alacritas)
459 2409 552 2447 naves
570 2392 672 2446 statim
687 2392 793 2467 longas
813 2392 971 2464 instruxit,
993 2391 1174 2469 navigiaque
1188 2410 1245 2467 op-

136 2484 263 2550 portuna
287 2473 325 2528 ad
345 2493 436 2551 equos
461 2484 490 2529 ct
514 2475 626 2531 milites
650 2472 905 2547 transvehendos,
939 2485 972 2530 ut
994 2484 1112 2551 praesto
1134 2484 1243 2547 essent,

137 2561 261 2614 curavit.
315 2556 362 2635 (3)
390 2558 473 2614 Libri
495 2567 616 2615 exstant
627 2577 696 2614 aron
720 2576 792 2613 sane
810 2560 973 2613 illustrium
992 2568 1163 2631 auctorum,
1191 2560 1245 2635 qui

135 2663 240 2700 aaron
268 2662 429 2701 cassanuar
451 2661 661 2699 conaturam
689 2643 825 2719 inscripti
849 2651 936 2698 sunt:
971 2660 1046 2720 quos
1070 2640 1144 2698 dum
1162 2642 1242 2719 lego,

134 2726 245 2807 Pyrrhi
269 2748 363 2806 quum
384 2729 586 2802 alacritatem,
609 2746 702 2806 quam
725 2730 756 2783 in
773 2727 894 2805 proeliis
914 2745 986 2804 prae
1006 2746 1039 2783 se
1064 2727 1148 2802 tulit,
1177 2736 1244 2785 tum

134 2813 371 2894 providentiam,
394 2831 507 2891 quase
533 2811 572 2869 ad
593 2815 709 2869 suturas
728 2812 934 2879 dimicationes
959 2813 1159 2889 comparavit,
1182 2832 1244 2871 non

134 2920 258 2980 possum
284 2918 345 2956 non
375 2918 556 2976 magnopere
596 2897 746 2955 admirari.
800 2900 880 2955 Nam
913 2899 1091 2975 priusquam
1115 2900 1243 2955 Romani

134 2987 305 3057 rescierint,
327 2985 360 3039 in
381 2985 500 3039 Italiam
521 2984 619 3041 classe
630 2984 811 3040 transmisit:
835 2992 864 3039 et
879 3001 974 3061 quum
988 2984 1049 3038 iam
1067 2984 1241 3062 appulisset,

134 3093 195 3129 non
216 3072 298 3148 prius
325 3067 428 3126 adesse
453 3089 524 3125 eum
541 3071 669 3127 Romani
691 3067 937 3141 animadvertere,
959 3071 1238 3146 quam‚com1nissa

134 3177 205 3214 curn
223 3156 394 3212 Tarentinis
415 3173 532 3231 pugna,
557 3174 589 3210 se
612 3155 663 3211 ille
688 3172 757 3209 curn
776 3155 911 3210 exercitu
930 3155 1085 3232 inopinato
1099 3152 1240 3227 ostendit,

133 3243 272 3319 factoque
295 3250 416 3316 repente
434 3241 565 3317 impetu,
587 3236 721 3296 hostium
744 3239 791 3315 (ut
815 3256 869 3315 par
889 3236 959 3315 fuit)
978 3258 1086 3316 agmen
1099 3239 1239 3297 turbavit.

133 3331 178 3385 Ac
202 3335 274 3383 tunc
297 3321 435 3403 quidem,
460 3344 554 3403 quum
577 3344 610 3382 se
630 3325 774 3381 Romanis
796 3320 1032 3403 haudquaquam
1053 3325 1114 3379 acie
1134 3344 1239 3401 parem

134 3434 199 3471 esse
215 3412 420 3488 intelligeret,
434 3407 608 3488 elephantos
624 3417 820 3488 compararat,
843 3427 916 3489 quos
936 3411 1013 3465 iuter
1028 3407 1240 3485 proeliandum

133 3501 165 3554 in
185 3499 254 3553 illos
270 3498 451 3552 immitteret.
496 3490 546 3573 (4)
568 3496 689 3552 Belluas
712 3505 812 3552 autem
832 3491 887 3553 hat
906 3495 1020 3570 primus
1044 3514 1084 3549 ex
1100 3496 1238 3570 Europae

131 3582 315 3660 principibus
329 3579 522 3655 Alexander,
544 3582 620 3638 Poro
642 3591 671 3636 et
693 3579 774 3639 Indis
795 3578 935 3654 devictis,
956 3580 989 3635 in
1007 3588 1154 3657 potestate
1181 3577 1238 3635 ha-

169 3792 212 3843 10.
232 3781 279 3840 ὑπ’
293 3779 387 3841 οὐδενί
399 3777 435 3846 ὣς
450 3783 501 3853 Ag·
737 3786 779 3840 14.
798 3781 914 3849 ἐλπίδας
931 3788 968 3840 N.
988 3780 1037 3840 άτε
1051 3782 1088 3854 δή
1101 3815 1136 3827 -
1150 3802 1237 3855 παρε.

168 3879 212 3931 11.
231 3868 405 3944 σιριμσια,
429 3889 447 3925 ι
470 3873 601 3942 capum
624 3887 671 3925 su·
704 3851 852 3939 ννςάίνο
872 3850 910 3919 δι
931 3850 1001 3977 ,νή
1026 3849 1182 3942 ἒίένανξαι,
1205 3856 1239 3913 ot

136 3964 187 4018 pra
202 3964 227 4014 γ,
247 3944 300 4015 Ag.
704 3940 817 4047 ἷίωῖθν
834 3920 961 4009 illvm
994 3942 1081 4044 “stit
1101 3926 1239 4048 5509th

170 4034 214 4087 1²·
235 4023 395 4103 ‘'¹⁶in
410 4028 448 4083 Ν·
705 4010 1030 4127 ίῖίίίίίιάίῗιμῗ.
1045 3991 1098 4065 ‘l'
1136 4013 1239 4065 'W

171 4136 214 4187 13.
234 4127 514 4203 τοίνΠιίρβουέργων
525 4134 670 4189 Loeschcr.
740 4132 783 4189 15.
807 4127 952 4205 κατελθὸν
971 4132 1022 4186 La.
1042 4137 1097 4186 tura
1115 4128 1148 4187 τ’
1194 4136 1237 4189 SR

136 4203 207 4272 quod
227 4206 345 4292 propanq
356 4206 412 4257 CB.
429 4198 616 4283 ὑπομνήματα
631 4198 671 4258 εἷ·
704 4202 940 4329 ΡρδΑῗρΜἿιΙιώ.
985 4196 995 4217 “
1030 4202 1127 4287 triph
1153 4204 1237 4257 Knc.

136 4291 185 4325 ναι
201 4291 304 4328 aaron·
324 4266 619 4363 atamachum,
703 4291 759 4326 των
800 4270 883 4342 Μαί
894 4290 978 4342 marg.
1038 4274 1114 4347 W)-
