2872 4846
209 219 273 284 456
611 210 909 276 AAKoNIKA

211 385 302 469 νίοις
333 381 395 472 μὲν
427 379 556 473 ἐγένετο
571 374 611 424 ²²
645 372 693 450 οὐ
726 375 813 451 κατὰ
841 373 997 472 γνώμην,
1038 372 1102 470 lyci
1126 375 1164 447 δὲ
1191 377 1330 449 ἐπαινοῖ

142 487 322 560 ἳίδτῶνδε
335 488 444 555 είνεαα
456 476 496 553 τδ
515 475 712 573 βούλευμα·
747 475 804 552 ἅτε
819 475 884 575 μὰρ
900 466 940 551 εὖ
955 473 1056 565 εἰδώς
1074 474 1093 550 ὁ
1112 482 1331 566 Παυσανίας

182 662 185 678 ,
212 583 261 675 ὡς
284 579 324 657 coi
348 580 533 679 σφάλματα
555 578 606 654 ἀεὶ
627 588 914 674 Λακεδαιμονίοις
935 585 1087 677 γίνονται
1106 580 1142 628 ²³
1168 586 1206 654 ἐν
1227 585 1329 678 μέσῳ

212 691 384 780 πολεμίων
409 682 662 782 ἀποληφθεῖσι,
696 681 738 757 τό
760 713 794 757 τε
817 690 853 757 ἐν
871 679 1115 779 Θερμοπύλαις
1133 687 1190 755 καί
1212 689 1248 756 ἐν
1283 691 1329 778 τῇ

213 794 422 886 Σφακτηρία
443 784 559 884 νήσῳ,
586 793 686 879 δεῖμα
702 788 742 834 24
773 785 959 884 ἐποιήσατο
987 782 1034 882 μή
1057 803 1159 881 σφισι
1180 792 1239 858 καί
1259 781 1330 859 αὕ-

179 890 276 982 οτδς
298 896 420 986 τρίτου
451 894 588 987 γένηται
615 898 727 963 nauco
769 886 959 986 πρόφασις.
1022 894 1078 982 (6)
1110 885 1197 961 Τότε
1221 891 1260 962 δὲ
1292 893 1331 961 ἐν

214 1001 305 1091 αίτίμ
318 995 356 1041 ²⁵
382 996 604 1087 ποιουμένων
626 1001 696 1065 τῶν
717 1000 869 1066 πολιτῶν
895 988 958 1088 τήν
978 998 1178 1086 βραδυτῆτα
1189 991 1228 1039 ²⁶
1261 986 1330 1063 αὐ-

179 1126 181 1131 ·
212 1105 280 1171 τοῦ
310 1093 374 1192 τήν
405 1101 440 1182 ἐς
470 1097 641 1168 Βοιωτίαν
676 1090 744 1188 οὐχ
772 1092 953 1187 ὑπέμεινεν
983 1099 1135 1167 ἐσελθεῖν
1165 1098 1201 1181 ἐς
1229 1099 1332 1166 δικα-

215 1195 375 1295 στήριον,
415 1203 575 1292 Τεγεᾶται
599 1199 637 1269 δὲ
660 1193 769 1269 αὐτὸν
788 1204 851 1292 τής
875 1194 1020 1291 Ἀθηνᾶς
1036 1201 1148 1292 ίαέτην
1163 1196 1332 1283 ἐδέξαντο

213 1308 277 1397 τής
291 1295 411 1387 Ἀλέας.
463 1287 507 1395 ήν
531 1300 568 1371 δὲ
593 1296 661 1395 ἄρα
680 1295 720 1371 τδ
743 1296 837 1394 ἱερὸν
853 1306 962 1372 τοῦτο
984 1304 1020 1371 ἐκ
1035 1306 1188 1371 παλαιοῦ
1212 1304 1331 1371 Πελο-

215 1408 419 1497 ποννησίοις
436 1411 541 1475 πᾶσιν
563 1407 742 1494 αἰδέσιμον
766 1406 824 1473 καὶ
851 1418 927 1489 τοῖς
955 1396 1086 1474 αὐτόθι
1108 1397 1333 1475 ἱκετεύουσιν

216 1500 409 1599 ἀσφάλειαν
434 1501 580 1596 μάλιστα
603 1510 797 1599 παρείχετο·
846 1501 1022 1600 ἐδήλωσάν
1035 1504 1072 1550 ²⁷
1093 1531 1128 1576 τε
1147 1510 1185 1575 οί
1204 1532 1242 1576 τε
1257 1512 1334 1577 Λα-

166 1666 168 1672 .
217 1603 432 1701 αεδαιμόνιοι
450 1603 513 1679 τδν
530 1611 737 1681 Παυσανίαν
752 1610 810 1678 καί
831 1612 880 1678 ἔτι
893 1603 1063 1701 πρότερον
1079 1602 1216 1679 τούτου
1233 1615 1333 1679 Λεω-

217 1712 362 1805 τυχίδην
388 1713 444 1780 καί
468 1706 608 1804 Ἀργεῖοι
636 1709 858 1804 Χμυσίδαῖθ,
890 1714 1147 1801 καθεζομένους
1169 1714 1333 1782 ἐνταῦθα

185 1816 352 1902 Ὶίαίτας,
392 1807 479 1884 οὐδὲ
509 1808 617 1909 ἀρχὴν
653 1811 827 1908 ἐξαιτῆσαι
850 1808 1067 1907 θελήσαντες.
1140 1816 1196 1904 (7)
1227 1817 1333 1884 Παυ-

217 2085 390 2142 mouiorum
404 2082 516 2141 iudicio
531 2085 725 2163 comprobata
739 2094 804 2142 est:
827 2103 882 2162 ego
899 2103 969 2142 vero
984 2085 1151 2142 Pausaniae
1167 2085 1334 2142 consilium

218 2179 337 2227 rectum
351 2169 445 2226 fuisse
465 2170 616 2228 existimo.
661 2173 740 2227 Nam
756 2189 850 2248 quum
865 2170 959 2247 probe
977 2179 1099 2242 nosset,
1122 2167 1334 2228 Lacedaemo-

218 2256 276 2310 niis
295 2252 508 2311 intermedius
530 2252 634 2313 hostes
660 2256 866 2312 circumclusis
891 2274 1011 2331 semper
1032 2256 1166 2332 aliquam
1195 2253 1334 2311 accidere

220 2335 357 2410 cladem,
387 2348 423 2394 ut
444 2337 483 2394 ad
497 2336 722 2417 Thermopylas
738 2350 769 2396 et
790 2341 821 2394 in
840 2338 1015 2415 Sphacteria
1033 2340 1149 2412 insula,
1176 2341 1335 2396 metuebat

218 2442 257 2479 ne
272 2422 377 2478 tertiae
390 2423 456 2499 ipse
474 2421 566 2479 cladis
584 2434 687 2481 auctor
702 2422 873 2480 haberetur.
923 2419 971 2500 (6)
994 2425 1107 2480 Verum
1124 2443 1219 2502 quum
1238 2426 1334 2502 longe

220 2508 306 2565 aliter
331 2507 426 2583 ipsius
451 2507 530 2563 cives
558 2506 741 2581 iudicarent,
766 2510 877 2586 quippe
907 2510 959 2584 qui
988 2509 1033 2579 ei,
1052 2507 1134 2585 quod
1157 2506 1272 2566 tardius
1299 2513 1335 2566 iu
1386 2532 1393 2553 ·

219 2594 377 2649 Boeotiam
390 2594 543 2664 venisset,
567 2595 685 2650 crimini
709 2592 840 2664 dabunt,
862 2611 924 2648 non
951 2595 1069 2670 putavit
1089 2594 1141 2649 ille
1166 2593 1224 2649 sibi
1245 2613 1335 2651 com-

219 2674 423 2747 mittendum,
446 2686 480 2732 ut
493 2679 600 2733 iterum
617 2697 738 2734 causam
756 2676 854 2733 dicere
874 2687 1037 2751 cogeretur.
1092 2679 1244 2754 Tegeatae
1260 2699 1335 2755 sup-

220 2763 332 2840 plicem
348 2763 379 2816 in
394 2761 486 2816 Aleae
501 2763 654 2818 Minervae
669 2771 855 2839 receperunt.
900 2763 1068 2842 Templum
1084 2762 1161 2818 illud
1177 2762 1235 2818 fuit
1251 2765 1335 2819 anti-

222 2863 282 2923 qua
300 2846 447 2920 religione
460 2846 672 2922 Peloponneso
693 2849 852 2902 universae
875 2856 1113 2919 sacrosanctum,
1142 2866 1241 2924 neque
1264 2850 1334 2905 vio-

221 2930 279 2986 lari
300 2947 351 2983 eos
370 2928 415 2982 sas
437 2937 520 2999 erat,
546 2930 600 3006 qui
623 2930 694 2985 illuc
717 2930 933 3005 confugissent.
977 2933 1022 2985 Ea
1042 2950 1113 2987 sane
1133 2934 1237 3009 religio
1258 2942 1333 2988 tunc

220 3015 253 3068 in
268 3011 435 3081 Pausania,
461 3021 548 3068 antea
564 3015 681 3069 veroin
696 3010 881 3090 Leotychide
898 3024 925 3069 et
941 3016 974 3070 iu
988 3012 1133 3094 Chryside
1148 3028 1194 3073 est
1215 3016 1251 3071 ab
1269 3019 1332 3072 Ar-

222 3097 300 3174 givis
316 3105 501 3152 conservata.
546 3098 645 3168 Quum
660 3099 707 3154 illi
723 3100 804 3154 enim
818 3099 969 3176 supplices
990 3119 1021 3156 se
1038 3103 1069 3155 in
1091 3100 1169 3157 illud
1183 3103 1334 3179 templum

223 3181 419 3275 ίααμιιαατιιά
432 3181 552 3258 asylum
571 3186 773 3263 recepissent,
796 3204 836 3240 ne
860 3186 1048 3261 postulatum
1064 3186 1188 3262 quidem
1206 3197 1266 3260 est,
1299 3196 1334 3244 ut

257 3432 301 3486 22.
319 3423 425 3499 ἐγίνετο
434 3430 483 3484 Ρδ.
503 3435 559 3485 tum
571 3423 601 3493 ἔς
614 3426 761 3503 τδσφαίλμ.
797 3426 825 3494 ἐς
843 3451 916 3502 supr.
935 3449 1025 3499 vers,
1043 3432 1093 3484 Lb.
1124 3426 1259 3498 Τεμενίται
1271 3431 1333 3484 edd.

224 3501 276 3553 Vb.
798 3514 859 3555 ante
871 3505 901 3553 S.
915 3502 966 3553 Va.
984 3508 1039 3553 tutu
1050 3495 1135 3561 ἁλίας
1151 3500 1202 3554 Lb.
1221 3495 1253 3551 δὲ
1273 3509 1336 3570 post

258 3569 302 3621 23.
328 3564 455 3634 γίνονται
477 3565 612 3654 LaVaAg.
642 3567 764 3636 μίμνεται
797 3560 833 3638 ἦν
855 3588 906 3623 orn.
928 3569 1010 3622 Vani.

224 3635 337 3689 coni.s.
357 3634 570 3720 ηίμνονταιτείί.
583 3638 764 3704 αποληφθεῖ-
832 3641 875 3693 27.
897 3631 1023 3708 ἐδῄωσαν
1036 3636 1266 3706 PdAgRVaMLb.
1292 3636 1335 3688 Ad
1383 3656 1386 3662 ·

222 3721 266 3757 σιν
280 3704 331 3772 Ag.
349 3705 566 3769 απολειφθεῖοιν
578 3704 630 3757 vb.
798 3724 881 3774 marg.
896 3707 929 3758 R.
950 3700 1112 3772 ἐδήλωσαν·
1139 3705 1191 3758 Pro
1204 3704 1289 3774 priori
1305 3722 1336 3757 τε

259 3775 304 3825 24.
323 3769 422 3837 δεῖγμα
435 3771 647 3839 AgPdLbVaM3
669 3775 766 3840 probat
798 3777 821 3828 B
850 3774 950 3827 mavult
971 3771 1013 3825 δέ.
1056 3774 1194 3827 omittitur
1219 3774 1293 3840 prius
1319 3791 1337 3824 a

226 3841 259 3892 C.
277 3835 316 3907 μή
329 3853 422 3905 σφισιν
431 3841 462 3892 S.
475 3841 536 3893 mai.
547 3842 595 3910 oq.
609 3840 700 3893 κακοῦ
711 3859 763 3893 om.
799 3843 856 3906 Vb;
874 3843 1007 3914 posterius
1027 3861 1043 3895 a
1058 3843 1109 3894 Va.
1128 3848 1209 3908 „tm
1220 3841 1248 3889 in
1262 3839 1335 3892 Pau-

251 3926 276 3961 α.
658 3935 663 3947 ›
798 3912 894 3965 sania“
911 3911 985 3977 Aru,
1011 3911 1080 3963 unde
1096 3905 1158 3963 τότε
1175 3907 1271 3974 legisse
1289 3924 1335 3961 su-

262 3975 305 4028 25.
325 3969 356 4026 δ’
373 3974 419 4038 Μ,
438 3983 492 4028 turo
508 3969 539 4029 ἒν
555 3972 632 4048 αίτίμ
645 3977 712 4030 CSB
732 3996 765 4030 ex
799 3981 921 4050 spicaria.

230 4060 300 4112 corr.
323 4044 433 4095 Kuhnii.
471 4037 501 4097 ίν
528 4041 606 4096 αίτία
626 4045 692 4114 (sic)
713 4047 763 4099 Va.
837 4067 880 4119 28·
899 4064 1042 4128 χρησίμη,
1055 4059 1243 4114 Αχκμοοᾱᾱ,
1261 4061 1337 4127 χρυ,

229 4109 427 4163 ‘W‘sslldl
443 4113 502 4165 ‘0¹¹-
516 4114 602 4166 0⁰d<¹·
803 4134 869 4186 σοι
886 4134 952 4186 css
981 4151 997 4184 ι
1021 4129 1089 4184 cont.
1111 4129 1259 4198 Sytburgii.
1288 4147 1340 4181 ιι-

268 4193 312 4247 26.
330 4190 578 4264 βηαδύτηταΜἯ).
591 4215 652 4252 mox
663 4191 771 4267 ἐλθεῖν,
803 4200 974 4271 θεξομίυους
986 4202 1038 4254 Va.
1055 4195 1230 4267 θελήσαντος
1240 4199 1290 4252 La.
