2872 4846
184 247 305 309 'xxxn
567 243 973 313 PRAEFATlO.

180 420 387 491 mensionem
398 417 533 489 candem
544 415 614 488 fere
626 439 700 489 esse
712 424 901 493 invenimus.
936 423 1212 498 Parumdifferunt
1226 430 1331 500 ratio·

171 546 247 595 ·nes
269 543 389 615 quaec
411 522 460 591 Lb
480 522 716 614 subducuntur3
743 529 882 596 emultis
894 529 1017 597 lacunis
1030 530 1083 597 ubi
1094 552 1208 600 versus
1223 534 1333 601 omissi

187 629 326 719 srrspicio
340 631 409 716 est,
435 626 563 693 anobis
584 628 794 721 examinatis,
819 651 917 700 unum
931 633 1114 723 exemplum
1125 636 1331 725 proposuisse

187 729 335 803 sufficere
346 728 489 815 videlur3
515 725 560 818 V,
582 727 644 818 26,
660 730 695 795 2.
711 731 872 815 Σμικύθου
891 735 1001 816 [πολλά
1017 762 1047 801 τε
1067 773 1114 785 --
1127 738 1249 802 Ἠλείου
1268 742 1330 819 καὶ]

183 835 365 919 Ἐκεχειρίας
378 851 508 899 versum
521 832 672 899 omissum
684 834 828 902 videmus
842 835 890 903 63
906 839 1082 906 literarum.

288 934 350 1003 llis
364 933 404 1002 de
418 931 560 1002 codicum
574 932 659 1001 unde
671 938 772 1004 nostri
786 939 938 1030 exscripti
951 946 1025 1008 sunt
1037 938 1216 1009 conditione
1229 962 1332 1031 prae-

70 1128 73 1135 ·
184 1039 291 1108 missis
313 1035 479 1104 dicendum
496 1042 547 1105 est
568 1035 607 1104 de
623 1034 778 1107 affinitate
791 1060 903 1108 eorum
915 1043 1068 1110 librorum
1080 1044 1131 1129 qui
1145 1045 1236 1110 nobis
1249 1064 1331 1112 con-

184 1139 306 1211 servati
325 1145 411 1207 aunt.
464 1136 583 1206 Omnes
603 1159 648 1206 ex
669 1142 783 1210 eodem
803 1141 892 1210 fonte
914 1163 978 1211 non
998 1146 1090 1211 nimis
1112 1152 1234 1213 remoto
1256 1166 1331 1214 essa

185 1241 386 1313 deducendos
406 1261 505 1330 supra
525 1243 589 1309 iam
612 1240 770 1336 diximus,
806 1265 866 1312 nec
885 1247 1018 1314 multum
1039 1268 1060 1312 a
1078 1265 1157 1314 vero
1180 1249 1331 1316 aberrare

184 1355 345 1438 putamus,
358 1347 386 1411 si
400 1343 496 1412 tertio
508 1345 614 1434 gradu
628 1345 667 1410 ab
680 1367 743 1414 uno
758 1347 932 1437 eodemque
944 1348 1053 1417 codice
1066 1369 1176 1417 omnes
1191 1348 1331 1417 descen-

185 1448 264 1518 dere
283 1448 473 1514 arbitramur
479 1470 490 1535 3
517 1469 577 1536 quo
592 1445 717 1516 ¹factum
739 1452 927 1518 astutiam
951 1472 972 1517 a
992 1452 1145 1541 principio
1168 1451 1276 1519 multis
1298 1455 1331 1520 in

185 1553 265 1621 locis
287 1571 397 1620 omnes
417 1548 531 1617 eodem
553 1550 585 1616 in
604 1552 683 1619 vitio
703 1552 835 1643 cubent,
869 1555 1060 1641 praesertim
1078 1553 1131 1620 ubi
1151 1553 1254 1621 codex
1276 1555 1331 1622 ille

186 1676 269 1745 aqua
287 1655 412 1719 marina
426 1651 567 1719 fortasse
580 1654 633 1720 vel
647 1656 804 1723 nescimus
825 1675 887 1743 qua
899 1656 966 1722 alia
978 1676 1015 1723 re
1029 1661 1195 1745 corruptus
1209 1657 1331 1747 legen-

185 1757 269 1826 tibus
282 1753 464 1821 facessebat
476 1753 695 1844 difficultatcs3
723 1755 806 1844 quod
817 1777 883 1824 non
896 1779 959 1826 uno
975 1756 1054 1826 folio
1066 1757 1331 1827 accidisselucu-

186 1858 283 1928 lentis
297 1856 452 1947 exemplis
467 1858 666 1946 comprobari
678 1879 774 1948 posse
786 1857 925 1927 videtur.

290 1958 410 2028 Omnes
423 1957 605 2026 Pausaniae
619 1960 745 2028 codices
756 1962 789 2027 in
801 1966 869 2028 tres
882 1962 1004 2029 classes
1019 1959 1162 2029 distribui
1176 1969 1331 2052 possunt3

184 2063 306 2154 primae
320 2058 511 2129 accensendi
523 2068 599 2131 sunt
612 2063 716 2130 codex
727 2061 882 2155 Aldinus,
911 2063 1040 2132 VbNVt
1052 2069 1085 2131 et
1099 2084 1143 2130 ex
1156 2070 1248 2154 parte
1262 2064 1330 2154 La,

184 2166 352 2257 appellare
365 2165 470 2254 possis
485 2161 612 2232 codices
626 2165 849 2256 interpolatos.
885 2160 995 2254 Saepe
1007 2166 1091 2233 enim
1103 2187 1222 2256 parvas
1235 2167 1331 2235 lacu-

184 2288 245 2335 nas
264 2266 413 2357 impletas
434 2265 586 2355 locosque
608 2274 774 2360 corruptos
795 2269 828 2334 in
848 2269 977 2356 reliquis
997 2266 1178 2359 codicibus,
1199 2269 1254 2336 vel
1266 2268 1331 2335 ad-

184 2368 289 2438 dendo
301 2369 357 2437 vel
369 2366 505 2438 delendo
519 2369 573 2438 vel
585 2371 754 2440 substituta
768 2369 904 2459 quadam
915 2369 1003 2438 facili
1015 2371 1153 2438 lectione
1167 2372 1259 2459 quasi
1272 2392 1331 2439 re-

184 2474 312 2542 stitutos
331 2469 490 2543 videmus·
546 2471 594 2538 At
613 2475 643 2539 si
660 2474 743 2540 hanc
760 2472 952 2560 procedendi
969 2475 1127 2541 rationem
1149 2477 1330 2542 accuratius

183 2576 403 2645 examinamus
423 2577 456 2656 et
477 2571 510 2636 in
532 2571 706 2640 subsidium
725 2575 848 2641 vocatis
862 2576 992 2662 reliquis
1006 2574 1165 2642 codicibus
1179 2596 1278 2643 verae
1294 2596 1331 2644 ac

183 2677 351 2768 genuinae¹
360 2673 507 2741 lectionis
522 2673 682 2743 elementa
695 2676 822 2742 omnino
836 2696 856 2739 a
868 2677 966 2763 plana
978 2678 1036 2741 illa
1047 2677 1187 2743 lectione
1202 2677 1331 2743 diversa

184 2773 438 2866 eruimus,facile
449 2773 713 2865 deprehendimus
722 2778 753 2841 in
761 2775 812 2840 his
820 2777 909 2842 libris
917 2774 1114 2843 Pausaniam
1122 2797 1185 2845 non
1195 2780 1331 2847 restitu-

183 2887 263 2971 tum,
277 2883 503 2968 restauratum,
518 2877 577 2944 scd
590 2878 828 2969 interpolatum,
844 2876 1040 2945 destructum
1052 2899 1138 2944 esse.
1157 2875 1195 2968 ²²)
1223 2880 1331 2964 Quare

184 2982 371 3073 saepissime
384 2980 437 3047 ubi
448 2979 574 3047 medela
585 3000 650 3048 non
662 2981 870 3069 suppetebat,
906 2980 1042 3048 aliorum
1055 2979 1198 3048 codicum
1210 2984 1330 3052 lectio-

182 3105 257 3152 nem
282 3083 423 3171 quamvis
451 3086 633 3171 corruptam
660 3081 957 3172 interpolationibus
985 3081 1164 3150 manifestis
1191 3084 1331 3152 Aldinae

183 3186 331 3256 editionis
357 3190 391 3253 ct
416 3183 558 3251 codicum
585 3183 728 3251 eiusdem
752 3185 867 3250 classis
893 3181 1139 3273 praeferendam
1165 3185 1329 3277 duximus3

182 3307 286 3378 neque
300 3294 407 3356 tamen
419 3291 525 3375 potest
537 3287 672 3377 negari,
706 3285 789 3374 quod
801 3287 920 3353 nemini
932 3287 1046 3354 mirum
1058 3286 1234 3383 videbitur,
1263 3312 1329 3382 ge-

182 3394 313 3462 nuinam
336 3390 506 3458 lectionem
530 3388 618 3458 haud
644 3409 718 3457 raro
743 3389 776 3454 in
802 3388 881 3455 solis
908 3388 1066 3456 codicibus
1088 3390 1213 3462 infimae
1234 3392 1329 3460 huius

112 3538 117 3545 -
183 3494 297 3565 classis
314 3492 461 3561 inveniri.

194 3701 402 3714 ψ’·-

252 3827 281 3894 a)
295 3822 418 3894 Exempli
435 3838 515 3877 cauea
527 3820 599 3876 locos
616 3819 740 3893 quaedam
756 3813 930 3892 apponimue3'
952 3823 992 3875 sic
1011 3823 1085 3891 VIII,
1098 3826 1124 3891 6,
1136 3825 1163 3877 2.
1181 3820 1329 3892 scripturae

182 3894 250 3948 vitio
265 3890 366 3948 αὐτίκα
378 3887 513 3946 ἁπάντων
525 3889 691 3959 μετέστησαν
704 3891 733 3943 in
747 3890 814 3944 libro
829 3893 940 3973 quodam
952 3890 1104 3961 legabatur3
1119 3891 1166 3961 qui
1178 3891 1328 3961 descripse-

182 3968 245 4016 runt
264 3964 380 4016 codicem
396 3961 474 4015 buius
492 3960 584 4015 claeeie
601 3959 718 4028 librarii,
745 3968 775 4012 nt
788 3960 920 4028 genrtivue
938 3961 1034 4014 babeat
1051 3961 1120 4012 unde
1138 3959 1266 4030 pendeat,
1283 3976 1327 4012 re-

183 4038 312 4102 ceperunt
327 4029 461 4084 sinistam
478 4029 706 4100 interpolationem
721 4024 846 4094 μάλιστα.
868 4029 952 4083 Recte
970 4029 1105 4082 Bekkerue
1120 4023 1254 4080 ἁπάντων
1268 4045 1327 4081 cor-

183 4101 254 4157 rexit
270 4098 299 4151 in
317 4092 371 4150 ἄπ’
390 4096 494 4155 αὐτῶν.
509 4128 545 4138 -
562 4098 618 4164 ΠΙ,
637 4099 684 4164 17,
703 4098 729 4149 6.
747 4094 883 4164 legebatur
901 4091 1011 4166 ἄγαλμα
1028 4092 1081 4148 ὑπ’
1101 4092 1192 4149 αὐτοῦ
1211 4096 1329 4165 πεποίη-

182 4186 247 4234 eoa3
264 4165 439 4250 interpolator,
453 4162 507 4219 ὑπ’
527 4162 617 4220 αὐτοῦ
635 4183 688 4218 non
704 4163 853 4234 intelligens
870 4167 982 4222 mutavit
998 4164 1027 4218 iu
1044 4160 1073 4219 ἐκ
1084 4165 1326 4238 xclnodeelxke-

182 4254 230 4293 rua
244 4243 319 4292 recte
334 4251 363 4289 ra
378 4250 501 4291 saccos.
