2872 4846
495 210 905 330 rnn-nrn‘rro.
1202 220 1326 328 ¹-mr'

139 457 260 505 omnes
274 436 514 528 ricarlibeant3
539 441 597 508 vix
610 440 694 510 enirn
706 439 785 509 lerri
797 462 896 532 posse
907 439 1052 532 videtur,
1078 442 1114 508 ut
1127 434 1280 518 ιδςιδδόν·

137 568 187 618 τις
202 546 232 619 ἐς
248 547 280 608 et
299 544 444 630 proximo
466 541 606 612 fortasse
627 564 726 612 versu
746 546 920 623 ἐςιλθόντις
944 551 986 623 εἰς
1005 544 1159 634 legatur,
1185 557 1280 630 quum

137 665 231 716 nemo
253 643 348 717 facile
372 651 462 713 tanta
483 648 683 743 oscitatione·
699 649 827 716 scribat.
861 686 909 698 -
947 648 1069 736 Ubique
1094 647 1280 735 scripsimus.
1332 648 1333 652 ’

135 747 335 831 Ὀλνμπαός,
384 770 478 837 quam
503 747 640 817 formam
663 743 783 841 magno
810 772 968 820 consensu
994 751 1095 841 longa
1120 749 1281 840 plerisque

137 853 171 921 in
189 853 268 920 locis
292 850 428 919 offerunt
450 850 588 942 codices,
614 855 647 919 in
667 854 739 920 aliis
757 856 901 943 variant3
928 874 1002 922 raro
1021 855 1054 920 in
1073 849 1283 936 Ὀλυμπιακός

139 957 359 1041 consentiunt,
386 955 448 1022 soli
459 953 548 1024 lllVa
561 954 644 1022 hanc
661 956 798 1026 formam
812 956 1008 1048 praeierunt.
1043 954 1163 1023 lisdem
1176 954 1282 1030 ratioe-

139 1058 230 1127 nibus
243 1057 328 1124 ducti
340 1063 524 1126 constanter
536 1061 653 1140 Νέμεια
665 1060 868 1151 probavimus
880 1081 940 1150 per
951 1057 1203 1148 diphthongum
1225 1058 1283 1126 vix
1364 1061 1390 1087 ·‘
1412 1090 1414 1092 -

139 1161 207 1228 ullo
221 1163 304 1227 enim
315 1160 431 1229 inloco
444 1163 548 1245 Νέμεα
566 1161 710 1229 codicum
730 1164 869 1230 omnium
889 1162 1207 1251 eonsensulegilura
1219 1161 1284 1227 Νέ-

141 1291 197 1346 μια
215 1282 294 1330 vero
314 1260 399 1333 ducit
419 1263 461 1331 ad
474 1266 601 1347 Νέμεια.
652 1256 895 1357 lliphthcngum
913 1285 1010 1356 porro
1029 1264 1231 1355 probavimus
1249 1263 1284 1333 in

133 1361 382 1456 Epaminondae
409 1374 442 1436 et
464 1365 612 1438 Chilonis
632 1370 822 1436 nominibus.
871 1368 910 1436 ln
931 1365 1177 1449 Ἐπαμεινώνδας
1199 1366 1284 1436 enim

140 1469 220 1536 libro
239 1467 299 1536 lV.
325 1471 527 1538 consentiunt
547 1468 616 1537 iere
637 1471 709 1538 libri
727 1471 818 1561 boni,
839 1469 1047 1538 iuBoecticis
1069 1473 1215 1559 variant,
1240 1467 1284 1537 ed
1391 1488 1406 1558 j

138 1571 368 1655 Ἐπαμινώνδας
393 1580 501 1642 tamen
525 1574 773 1664 propensiores3
807 1595 867 1642 nos
888 1574 1096 1641 constantiam
1114 1571 1284 1641 terrendam

142 1675 299 1744 duximus.
351 1676 402 1745 lle
427 1674 577 1749 chilonis
599 1678 727 1747 nomine
750 1677 891 1766 ,singulis
915 1675 996 1744 locis
1021 1675 1193 1744 videndum
1219 1676 1284 1742 est.

142 1777 228 1846 Num
241 1777 546 1847 eadem'constantia
560 1778 712 1848 sectanda
728 1781 776 1846 sit
789 1780 841 1847 uli
858 1780 985 1850 variant
1003 1777 1130 1848 dialecti
1143 1777 1285 1868 metgi-
1380 1801 1385 1808 ’

142 1900 233 1970 mus3
267 1903 380 1951 verum
401 1882 525 1972 quidem
544 1887 595 1951 est
614 1883 704 1951 nulla
723 1883 757 1949 in
777 1902 814 1949 re
832 1883 962 1975 saepius
983 1901 1111 1952 errasse
1133 1880 1284 1951 librarios

143 2005 237 2078 quam
254 1986 287 2052 in
307 1983 478 2054 reddendis
495 1985 704 2057 dialeetcrum
722 1983 853 2077 formis,
877 2005 975 2075 quare
990 1985 1045 2054 vel
1059 1992 1172 2055 contra
1190 1982 1284 2055 codi-

143 2109 213 2155 cum
235 2091 456 2157 auctoritatem
474 2087 595 2157 formas
615 2089 773 2179 genuinas
787 2090 963 2157 nomioibus
977 2106 1052 2158 csse
1069 2085 1286 2172 restituendas
1404 2139 1411 2149 ,

143 2191 196 2260 ubi
207 2191 271 2260 alio
285 2191 359 2259 loeo
373 2193 470 2259 oliam
479 2192 617 2282 probant
628 2190 774 2284 codices,
800 2213 866 2262 non
880 2193 952 2260 sine
970 2194 1041 2261 veri
1054 2193 1162 2283 specie
1175 2174 1298 2279 suspiss.

143 2296 237 2363 ceris.
288 2291 359 2362 Nec
379 2300 485 2363 tamen
504 2293 613 2364 lacere
632 2296 703 2364 ausi
719 2308 830 2367 'sumus
850 2299 997 2385 quoniam
1017 2295 1099 2387 lraee
1117 2293 1288 2367 everstan

144 2403 238 2485 atque
257 2398 471 2468 inconstantia
488 2398 527 2465 ab
546 2400 618 2489 ipso
630 2400 744 2490 operis
765 2404 896 2468 auctore
910 2397 1060 2490 prolecta
1080 2419 1153 2469 esse
1166 2391 1308 2488 potera
1411 2450 1413 2454 ,

144 2499 226 2569 Eius
237 2502 367 2591 generis
385 2507 459 2569 suni
471 2498 659 2591 Στύμφαλος
673 2507 707 2570 ei
721 2502 925 2590 Στύμφηλοςς
948 2504 1111 2588 Δημοφῶν
1129 2507 1162 2570 ei
1174 2501 1288 2582 Aspre

146 2609 232 2690 φῶν,
252 2605 428 2689 Πρευγένης
439 2607 681 2692 θδΠρηυγίνηςς
708 2606 877 2689 Σουματία,
895 2602 1092 2688 Σουμάτειον,
1108 2604 1290 2701 {compedem

146 2704 336 2794 Συρακόσιος
347 2712 382 2775 et
393 2707 620 2795 Συρακούσιοςς
644 2706 821 2795 Λοκόςαορα
834 2713 868 2776 ei
880 2706 1079 2793 Autricones,
1097 2702 1290 2792 middendo-
1398 2747 1401 2754 ·

146 2836 204 2897 opo
223 2810 418 2902 invenimus,
444 2813 639 2880 restituimus
654 2839 698 2895 ως
725 2817 759 2879 et
781 2829 861 2900 quae
880 2817 955 2880 sunt
973 2811 1100 2878 similia.
1152 2797 1291 2880 variant

145 2933 244 3003 porro
258 2911 383 2981 codices
398 2920 430 2983 et
443 2914 598 2983 editiones
611 2916 643 2982 in
656 2915 780 3005 formis,
801 2914 910 3005 quales
923 2920 998 2982 sunt
1008 2913 1133 3000 ’ἐπαύθη
1148 2918 1181 2982 et
1194 2911 1290 2979 ἐπαύ-

147 3023 222 3098 σθη,
246 3019 396 3100 ἔλαθῆναι
416 3024 450 3086 ed
469 3021 639 3102 diocliciani
653 3024 728 3108 ced,
753 3019 799 3086 ida
820 3015 945 3106 quidem
962 3022 998 3085 ud
1017 3018 1089 3085 aliis
1107 3020 1141 3085 in
1158 3016 1238 3085 locis
1256 3017 1291 3084 in
1376 3095 1379 3100 ι

147 3120 304 3186 alterutra
319 3117 424 3188 forma
436 3122 656 3213 consentiant,
682 3123 716 3187 in
737 3121 808 3187 aliis
829 3122 914 3187 iuter
933 3140 971 3186 se
991 3119 1149 3189 differant.
1200 3118 1302 3187 Idem.

147 3221 217 3288 fere
232 3219 398 3312 dicendum
410 3221 450 3289 de
463 3223 626 3309 irreperet
640 3222 782 3310 ιδρδμηνς
808 3220 968 3305 ἠδυνήθην
983 3231 1015 3293 et
1027 3224 1191 3309 ἐδινήθην.
1215 3221 1292 3292 Non

149 3322 262 3393 eadem
273 3317 364 3392 ¹ratio
383 3330 434 3393 cst
450 3325 483 3391 in
504 3325 628 3395 urbium
644 3327 821 3395 nominibus
839 3314 1166 3416 quibusdamquarum
1180 3326 1292 3393 variae

149 3426 273 3494 formae
286 3448 387 3516 aeque
399 3429 433 3494 in
445 3449 505 3497 usu
518 3427 619 3496 fuisse
631 3428 796 3515 videntur3
810 3447 853 3494 ex
864 3427 928 3505 hoc
940 3449 1063 3518 genere
1076 3436 1151 3500 sunt
1162 3431 1292 3508 Θέσπια,

152 3532 294 3610 Θεσπιαί,
325 3533 477 3616 Θεσπείας
503 3535 603 3613 Νέων,
625 3539 746 3609 Νεῶνας
762 3532 826 3615 (l),
848 3536 990 3616 Necirar5
1018 3532 1205 3620 Τεθρώνιον,
1233 3538 1292 3596 Τι-
1367 3609 1369 3612 ⁸

149 3632 304 3719 spasmos,-
329 3635 485 3716 Πλάναια,
510 3638 671 3701 Πλαταιαί
682 3641 715 3704 et
729 3652 810 3723 quae
825 3640 900 3702 sunt
913 3635 1068 3725 reliquae.
1093 3637 1132 3705 ln
1145 3636 1195 3703 lris
1210 3655 1294 3702 con·
1356 3653 1358 3661 ’

151 3738 301 3803 stantiam
313 3735 546 3806 observandam
557 3759 622 3807 non
634 3738 825 3829 putavimus,
846 3734 905 3804 sed
918 3759 937 3805 e
951 3739 1092 3806 codicum
1106 3740 1295 3806 auctoritate
1398 3786 1400 3789 -

150 3860 243 3907 suum
256 3842 366 3929 cuique
378 3837 502 3908 formae
513 3840 620 3911 locum
631 3842 828 3930 reliquimus,
860 3841 977 3931 qnippe
987 3861 1068 3931 quae
1080 3862 1146 3910 non
1159 3840 1295 3910 alibra-
1400 3909 1404 3913 ,

151 3943 207 4008 riis
221 3942 280 4009 sed
292 3945 334 4010 alr
345 3944 413 4031 ipso
427 3943 498 4011 libri
511 3950 645 4013 auctore
654 3942 819 4035 profectae
830 3943 989 4011 viderur.
1270 4010 1271 4014 ,

253 4044 360 4114 Multa
380 4052 455 4114 sunt
468 4048 596 4126 nomina
616 4067 697 4137 quae
709 4048 748 4114 ab
764 4048 835 4114 aliis
848 4046 979 4136 simplici
992 4047 1030 4114 ab
1044 4046 1117 4113 aliis
1129 4050 1294 4138 geminato

152 4148 311 4217 elemento
325 4126 532 4220 exarante&
562 4150 691 4219 Nostris
711 4149 821 4219 datm
838 4151 870 4216 in
889 4148 990 4239 longe
1001 4149 1145 4240 plurimis
1158 4148 1296 4222 forman

153 4251 378 4343 simpliciorem
401 4273 476 4324 csse
497 4251 744 4346 praeferendam
765 4255 845 4349 satis
868 4249 1120 4345 demonstratum
1141 4259 1211 4351 aa,
1240 4252 1295 4322 ui·-
